3867 5467
618 790 661 849 80
846 800 981 845 massis
998 798 1276 844 saussnamessrs
1412 780 1501 860 [cra.
1517 801 1572 846 rrr.

621 955 744 1017 facilior
773 952 895 1015 ridetur
924 962 956 1014 et
985 951 1118 1023 brevior,
1147 952 1175 1012 si
1199 950 1352 1033 jocundae
1383 952 1574 1016 narrationis

617 1055 775 1131 sensibus,
805 1067 861 1117 aut
889 1054 976 1115 vocis
1006 1052 1203 1116 dulcissimus
1235 1051 1375 1115 modulis
1404 1066 1572 1117 recreetur.

616 1156 671 1220 Sic
694 1168 727 1220 et
748 1177 799 1218 me
819 1153 979 1232 lectionis,
998 1163 1054 1217 aut
1076 1154 1205 1217 alterius
1226 1154 1325 1217 officii
1349 1153 1461 1218 studio
1477 1155 1573 1238 jubes

615 1257 772 1335 insistere,
787 1268 829 1334 et,
845 1256 872 1318 si
891 1255 979 1320 aliud
1000 1276 1066 1317 non
1090 1256 1289 1332 conceditur,
1305 1255 1346 1319 de
1368 1276 1420 1319 me
1445 1256 1528 1339 ipso,
1541 1268 1573 1319 et

616 1359 711 1424 variis
726 1362 861 1423 fortunas
876 1358 986 1420 formis
1009 1357 1172 1440 conqueri,
1186 1358 1298 1419 saltem
1314 1356 1392 1419 milri
1407 1370 1441 1420 et
1456 1358 1570 1421 Musis

615 1462 758 1526 Grandis
779 1461 863 1526 enim
886 1460 1049 1542 proiectus
1071 1470 1120 1521 est
1140 1459 1181 1522 ad
1204 1458 1442 1542 philosophiam
1464 1458 1570 1542 adspi-

615 1563 709 1640 tanti,
734 1562 858 1626 virtutis
882 1561 915 1622 in
945 1581 980 1623 se
1010 1560 1174 1643 deplorare
1203 1559 1373 1623 desectum.
1418 1559 1472 1623 Ad
1501 1559 1569 1622 lraec

616 1662 696 1747 quid
710 1662 770 1725 tibi
784 1661 1008 1745 respondeam,
1023 1660 1177 1724 Comicus
1192 1660 1344 1742 suggerit,
1361 1660 1439 1743 quia

688 1811 790 1863 Omnes
802 1828 881 1881 quum
892 1809 1018 1873 valemus,
1030 1815 1101 1862 recta
1112 1807 1219 1862 consilia
1230 1808 1336 1876 agroru
1347 1809 1448 1861 damna

685 1895 732 1950 'l'u
744 1902 832 1950 sutem
844 1897 866 1949 si
877 1895 920 1948 hic
931 1896 968 1948 ais
979 1894 1056 1948 aliter
1067 1895 1173 1946 sentias.

615 2034 681 2110 Sic,
696 2034 742 2097 sic
758 2055 778 2097 a
793 2032 970 2116 captivatis,
987 2052 1121 2116 quorum
1137 2051 1256 2112 organa
1275 2031 1308 2094 in
1331 2030 1485 2094 salicibus
1500 2052 1567 2094 sus

614 2155 715 2220 pensa
729 2147 814 2212 sunt,
829 2145 1014 2219 quaeruntur
1034 2134 1132 2196 rerba
1145 2131 1342 2208 cantionum,
1358 2153 1431 2216 quae
1441 2132 1568 2214 ,cantari

613 2235 744 2298 omnino
757 2243 929 2317 nequeunt,
938 2245 993 2296 aut
1003 2254 1066 2295 non
1078 2233 1183 2295 solent
1194 2232 1226 2293 in
1237 2243 1321 2295 terra
1332 2232 1446 2295 aliena.
1478 2231 1568 2295 Licet

613 2336 697 2398 enim
713 2335 811 2398 virtus
832 2334 963 2419 injurias
986 2334 1177 2418 captivitatis
1200 2333 1333 2416 ignoret,
1349 2345 1405 2396 aut
1425 2354 1485 2396 suo
1504 2332 1565 2417 pri·

613 2435 677 2498 vari
696 2456 761 2498 non
783 2434 885 2518 possit
904 2435 1023 2511 officio,
1043 2455 1132 2498 rarus
1153 2444 1202 2498 cst
1221 2432 1407 2513 admodum,
1422 2434 1477 2518 qui
1493 2434 1564 2517 phi·

611 2534 789 2618 losophicis
810 2545 843 2598 et
866 2535 1038 2598 curialibus
1063 2535 1178 2599 officiis
1199 2536 1338 2598 sufficiat
1363 2556 1486 2598 morem
1513 2556 1564 2618 ge·

612 2657 690 2716 rere,
705 2657 802 2721 quum
818 2635 889 2699 haec
902 2635 964 2698 sibi
980 2637 1167 2719 plerumque
1183 2645 1308 2699 constet
1321 2635 1496 2720 plurimum
1511 2635 1563 2700 ud·

613 2739 736 2803 versari.
781 2736 878 2802 Unde
900 2739 1050 2802 ramlera
1071 2736 1304 2820 impossibilem
1325 2735 1443 2800 videris
1464 2738 1564 2820 impe·

612 2860 690 2917 rare,
713 2840 886 2921 praesertim
910 2859 1007 2922 quum
1032 2859 1090 2919 ego
1113 2836 1172 2900 sim
1195 2836 1292 2900 homo
1321 2838 1381 2900 sub
1407 2846 1562 2920 potestate

612 2938 812 3015 constitutus,
842 2949 874 3000 et
901 2937 1019 2999 invitus
1053 2937 1170 3000 faciam
1203 2937 1340 3021 plurimu
1371 2937 1561 3001 necessitate

612 3036 820 3122 obsequendi,
850 3047 882 3099 et
911 3035 943 3097 in
973 3035 1025 3098 his
1060 3059 1131 3120 qnae
1163 3039 1301 3122 propriae
1331 3039 1503 3103 voluntatis
1533 3049 1564 3101 et

611 3136 776 3222 sapientia
798 3136 950 3199 instinctu
975 3136 1114 3217 gerenda
1140 3149 1223 3211 sunt,
1249 3137 1326 3200 mihi
1356 3137 1411 3201 vix
1436 3148 1563 3223 tempus

610 3239 814 3320 indulgeatur
839 3238 881 3302 ad
906 3260 1018 3321 pauca.
1064 3240 1143 3304 Dies
1168 3250 1200 3303 et
1225 3261 1291 3303 nox
1318 3240 1508 3304 necessariis
1532 3249 1564 3304 ct

608 3340 723 3406 alienis
746 3341 1013 3425 occupationibus
1035 3342 1258 3423 transiguntur,
1271 3356 1307 3407 ut
1325 3363 1385 3405 nec
1404 3342 1451 3405 rei
1472 3342 1562 3406 fami·

608 3442 678 3507 liari
701 3463 809 3506 curam
832 3442 1018 3526 impendere
1039 3444 1151 3521 liceat3
1174 3456 1207 3508 et
1229 3457 1264 3508 tu
1287 3444 1421 3508 hortaris
1436 3457 1473 3508 ut
1487 3445 1561 3508 sori·

608 3540 702 3607 bum?
741 3544 851 3608 Homo
874 3542 1005 3627 quidem
1025 3542 1190 3625 imperitus
1208 3564 1279 3606 sum
1302 3544 1438 3607 scientia
1452 3556 1485 3608 et
1498 3535 1561 3608 serss

609 3661 714 3720 mone,
730 3654 762 3705 et
775 3662 872 3705 unum
890 3639 978 3725 quod
993 3659 1058 3701 non
1075 3639 1189 3722 accepi
1203 3641 1275 3704 aliis
1290 3639 1450 3722 erogabo?

664 3765 667 3772 '
713 3770 817 3827 Narem
828 3773 851 3826 si
863 3777 952 3843 poscat
964 3770 1013 3823 sibi
1025 3775 1163 3841 peronatus
1175 3777 1270 3835 amtor,

714 3855 825 3909 Luciferi
838 3856 917 3917 rudis,
931 3852 1060 3906 exclamet
1072 3852 1210 3907 Melicerta
1221 3855 1319 3925 perisse

716 3938 839 3991 Frontem
851 3940 885 3990 de
897 3938 982 3989 rebus.

610 4059 643 4122 Si
669 4058 776 4141 itaque
800 4060 847 4121 vis
874 4071 908 4121 ut
932 4058 1079 4133 scribom,
1103 4060 1155 4138 da,
1179 4064 1226 4125 vel
1253 4063 1358 4147 potius
1377 4065 1419 4127 ab
1443 4086 1483 4129 eo
1506 4066 1560 4150 qui

607 4158 808 4223 scientiarum
837 4159 987 4223 domiuus
1016 4173 1076 4240 est,
1104 4165 1268 4228 scientiam
1298 4165 1445 4248 impetra,
1474 4167 1559 4232 unde

606 4261 757 4339 scribam,
787 4261 829 4325 da
862 4275 988 4346 tempus
1026 4266 1225 4350 expeditum,
1263 4280 1295 4331 et
1331 4271 1558 4335 necessitatum

609 4361 854 4426 domesticarum
868 4361 1005 4426 exclude
1021 4367 1191 4429 molestias,
