3867 5467
483 764 529 830 tio
744 780 882 827 rosum
894 777 1175 824 manemus
1300 761 1390 843 [sm
1405 781 1451 829 r1.

485 939 521 1001 in
535 937 635 1013 clero,
649 954 710 997 nec
730 933 833 995 forma
851 932 936 994 finnt
949 931 1049 1012 gregi,
1064 930 1120 1014 qui
1135 942 1225 995 recto
1240 934 1325 997 ealle
1343 937 1452 1017 pergit

486 1038 530 1102 ad
554 1039 662 1110 vitam,
686 1035 861 1118 pretiosam
891 1032 1124 1116 supellectilem
1150 1047 1344 1116 eongoennt,
1369 1058 1450 1100 auro

487 1154 521 1207 et
544 1151 678 1222 argento
704 1150 841 1202 onerant
866 1156 1005 1212 meuses,
1032 1136 1096 1198 sibi
1122 1137 1219 1200 etiam
1244 1139 1288 1201 ab
1313 1140 1451 1203 avaritia

486 1243 584 1308 nimis
604 1241 701 1325 parci.
747 1239 831 1302 Nam
853 1258 978 1321 pauper
998 1248 1055 1299 ant
1076 1238 1196 1315 nullus,
1209 1251 1266 1302 ant
1283 1261 1377 1303 rurus
1391 1240 1450 1304 ad-

487 1345 633 1421 mittitur,
659 1363 753 1426 quem
783 1340 943 1403 interdum
972 1359 1038 1401 uon
1064 1352 1130 1402 tam
1156 1340 1320 1419 Christus,
1347 1363 1449 1427 qoam

488 1468 570 1511 rana
595 1445 697 1526 glorie
721 1442 907 1505 introducit
956 1439 1159 1504 Concutiunt
1181 1443 1351 1521 ecelesias,
1372 1444 1447 1507 lites

487 1549 641 1623 excitant,
664 1544 823 1608 collidunt
843 1542 965 1605 elemm
987 1554 1020 1603 et
1041 1544 1210 1625 populum,
1228 1544 1398 1610 laboribus
1415 1555 1449 1610 et

489 1647 624 1713 miseriis
642 1645 833 1708 afflictorum
852 1663 1057 1727 nequaquam
1071 1644 1324 1726 compatiuntur,
1337 1648 1445 1710 eccle·

490 1751 607 1814 siarum
627 1749 776 1810 letantur
790 1745 914 1826 spoliis,
928 1755 961 1806 et
976 1756 1136 1828 questum
1151 1766 1280 1809 omnem
1295 1759 1449 1832 reputent

490 1852 651 1936 pietatem.
694 1846 857 1911 Justitiam
879 1867 945 1909 non
973 1859 1038 1909 tarn
1060 1844 1198 1926 veritati,
1221 1868 1319 1931 quam
1342 1852 1448 1933 pretio

488 1952 635 2019 reddunt.
679 1948 797 2013 Omnia
814 1968 955 2032 namque
970 1969 1043 2012 cnm
1063 1950 1169 2031 pretio
1181 1948 1292 2026 hodie,
1307 1950 1368 2014 sed
1381 1973 1444 2017 nec

489 2076 559 2121 cras
580 2051 703 2138 aliquid
724 2052 794 2114 sine
815 2051 918 2134 pretio
941 2050 1113 2114 obtinebis.
1160 2052 1292 2115 Nocent
1314 2053 1448 2138 sepius,

489 2168 524 2221 et
550 2155 584 2219 iu
613 2176 654 2219 eo
678 2152 842 2217 demoms
870 2151 1045 2228 imitantur,
1068 2152 1157 2234 quod
1187 2164 1265 2216 tunc
1291 2153 1448 2236 prodesse

490 2266 644 2345 putantur
657 2277 756 2340 quum
770 2274 887 2318 nocere
902 2252 1072 2331 desistunt,
1086 2254 1234 2338 exceptis
1248 2256 1373 2338 paucis,
1390 2257 1448 2342 qui

489 2381 608 2424 nomen
635 2369 667 2423 et
691 2356 834 2420 officium
859 2355 997 2439 pastoris
1021 2355 1169 2439 implent.
1224 2356 1291 2421 Sed
1316 2368 1351 2421 et
1375 2359 1445 2441 ipse

491 2464 658 2527 Romatum
678 2457 830 2521 Pontifex
852 2458 1003 2520 omnihus
1022 2457 1138 2539 gravis,
1154 2470 1187 2523 et
1208 2460 1273 2523 lere
1295 2459 1447 2525 intolera-

489 2566 563 2632 bilis
585 2573 653 2627 est:
687 2572 840 2646 praterea
859 2579 970 2622 omnes
991 2571 1139 2639 arguunt,
1163 2561 1251 2645 quod
1276 2564 1447 2629 ruentibus

490 2680 522 2733 et
546 2664 782 2731 collabentibus
811 2660 969 2739 ecclesiis,
994 2681 1075 2744 quas
1104 2673 1231 2744 patrum
1261 2665 1446 2729 construxit

489 2770 630 2847 devotio,
654 2766 807 2832 altaribus
838 2783 966 2847 quoque
994 2762 1135 2839 incultis,
1160 2763 1282 2845 palatia
1310 2766 1444 2844 extruit,

490 2884 523 2938 et
541 2876 609 2957 ipse
628 2892 694 2934 noo
716 2867 813 2932 modo
831 2876 1034 2949 purpuratus,
1050 2863 1107 2927 sed
1122 2864 1294 2929 deauratus
1307 2865 1444 2930 incedit.

492 2974 616 3039 Palatia
637 2968 807 3054 splendent
827 2964 1041 3043 sacerdotum,
1057 2975 1090 3029 et
1110 2966 1143 3029 in
1166 2967 1317 3030 manibus
1335 2988 1446 3031 comm

494 3074 614 3140 Christi
636 3067 816 3135 sordidetur
835 3066 984 3130 ecclesia.
1029 3067 1269 3132 Provincierum
1291 3065 1449 3152 diripiunt

494 3177 608 3262 spolia,
620 3194 657 3239 ac
673 3172 700 3235 si
715 3171 881 3234 thesauros
897 3167 1000 3233 Croesi
1015 3168 1165 3233 studeant
1178 3190 1334 3254 reparare.
1380 3168 1448 3234 Sed

495 3290 581 3344 recte
604 3273 741 3340 cumeis
764 3271 831 3353 ogit
846 3270 1044 3349 Altissimus,
1059 3271 1212 3353 quoniam
1228 3282 1260 3335 et
1281 3271 1346 3354 ipsi
1365 3271 1450 3347 eliis,

495 3393 529 3447 et
539 3400 625 3463 soepe
636 3374 797 3440 vilissimis
810 3374 996 3438 hominibus
1007 3372 1072 3436 dati
1089 3385 1163 3437 sunt
1176 3376 1209 3437 in
1222 3372 1446 3458 direptionem.

494 3485 540 3550 Et
559 3492 595 3547 ut
616 3480 739 3564 opinor,
753 3477 830 3540 dum
853 3477 899 3540 sic
921 3477 954 3539 in
978 3476 1064 3539 invio
1086 3477 1267 3554 erraverint,
1280 3495 1448 3560 uunquam

495 3586 595 3651 deerit
620 3582 667 3648 eis
692 3580 853 3663 flagellum
876 3578 1019 3642 Domini.
1064 3578 1110 3641 Os
1130 3576 1287 3661 siquidem
1310 3575 1447 3640 Domini

495 3693 637 3755 locutum
661 3695 720 3764 cst,
741 3682 817 3769 quia
842 3703 906 3767 quo
927 3678 1053 3765 judicio
1072 3679 1301 3764 judicaverint,
1317 3676 1447 3763 judica·

495 3794 622 3869 buntur,
647 3801 681 3854 et
704 3810 763 3853 sua
788 3805 937 3849 mensura
964 3782 1148 3846 remetietur
1173 3782 1229 3844 eis.
1286 3780 1448 3863 Antiquos

496 3896 618 3959 dierum
654 3890 779 3953 mentiri
808 3908 873 3949 non
904 3886 1003 3948 novit.
1050 3886 1144 3960 Haec,
1173 3884 1315 3969 inquam,
1345 3892 1447 3965 pater,

495 3995 635 4078 loquitur
664 3990 813 4073 populus,
838 3986 1100 4069 quandoquidem
1128 3986 1174 4048 vis
1204 3998 1240 4049 nt
1270 3985 1357 4048 illius
1386 3982 1447 4047 tihi

497 4093 670 4161 sententies
699 4089 866 4172 proferam.
921 4088 965 4151 Et
994 4098 1040 4164 tu,
1069 4087 1185 4171 inquit,
1211 4086 1290 4169 quid
1319 4083 1444 4150 sentis?

497 4193 673 4276 Angustiae,
696 4192 837 4275 inquam,
857 4200 932 4254 sunt
953 4190 1105 4274 undique.
1155 4190 1272 4252 Vereor
1294 4187 1381 4249 enim
1405 4208 1447 4251 ne

496 4295 655 4363 mendacii
676 4295 724 4357 rel
746 4291 940 4356 adulationis
962 4292 1148 4356 contraham
1173 4300 1293 4366 notam,
1314 4288 1452 4352 sisoius

497 4400 618 4486 populo
649 4394 882 4462 contradixero.
945 4391 1003 4457 Sin
1038 4405 1154 4469 autem,
1190 4403 1310 4457 reatum
1341 4410 1453 4454 vereor
