3867 5467
498 748 560 808 116
756 755 893 801 roasurs
908 751 1190 800 snassauaruusrs
1305 738 1397 818 [ura.
1414 749 1466 800 nrt.

491 913 521 975 in
538 907 744 987 deridenda,
762 906 1005 984 contemnenda,
1025 914 1058 968 et
1072 905 1267 969 detestanda
1282 906 1462 971 conscribe·

495 1026 554 1077 ret.
601 1012 707 1088 Quum
724 1033 801 1095 ergo
823 1009 881 1072 riri
898 1008 1082 1086 acutissimi,
1097 1021 1128 1073 ct
1151 1008 1220 1071 sine
1243 1006 1313 1073 ulla
1334 1007 1460 1071 dubita·

497 1111 593 1191 tione,
619 1113 771 1174 Cicerone
790 1122 883 1185 teste,
909 1107 1094 1188 doctissimi,
1119 1108 1311 1193 superstitio
1335 1107 1459 1192 scriptis

496 1213 634 1300 propriis
649 1235 717 1275 earn
733 1211 993 1286 convincentibus
1013 1223 1179 1295 arguatur,
1195 1219 1391 1295 constetque
1410 1231 1456 1272 su-

497 1316 716 1403 perstitionem
739 1312 887 1376 falsitatis
910 1312 997 1390 ritio,
1022 1313 1233 1397 virtuti‚quae
1254 1312 1289 1374 iu
1314 1314 1384 1375 sola
1408 1332 1455 1372 ve·

496 1422 594 1483 ritate
624 1414 778 1493 consistit,
801 1437 868 1478 esse
891 1414 1084 1501 oppositam,
1113 1427 1145 1477 et
1175 1411 1369 1499 sapientiam
1392 1414 1453 1475 sine

497 1520 617 1584 virtute
633 1541 699 1583 esse
716 1536 777 1578 non
791 1535 892 1598 posse,
909 1515 980 1601 quis
995 1538 1037 1579 ex
1052 1514 1118 1578 sola
1132 1516 1282 1594 lectione,
1296 1514 1360 1577 nisi
1374 1513 1451 1578 adsit

498 1623 602 1705 gratia
625 1616 825 1697 illustratrix,
840 1619 987 1692 creatrix,
1005 1615 1262 1702 vivificatrixque
1287 1620 1451 1693 virtutum,

501 1722 608 1785 credat
625 1744 715 1805 posse
731 1717 796 1782 lieri
814 1718 971 1784 huminem
988 1716 1160 1804 sapientem
1174 1721 1187 1780 ?

498 1894 576 1977 Cap.
589 1893 639 1955 10.
659 1891 1205 1976 Omnessorr‘pturasesselegendus:
1224 1890 1450 1956 etdebeuedic-

541 1997 711 2074 linusque
725 1996 914 2076 primigenis
925 1994 1004 2057 dota
1019 2001 1074 2064 est,
1091 2000 1121 2055 et
1127 1992 1214 2074 filiis
1223 1991 1313 2055 Noe:
1328 2001 1361 2057 et
1371 1993 1451 2076 quod

535 2095 657 2155 rationi
672 2096 850 2156 auctoritas
865 2096 991 2158 nullius
1003 2096 1174 2175 perititiam
1185 2095 1396 2175 prejudicct.

541 2212 663 2275 Onnes
676 2227 779 2273 tamen
793 2211 966 2297 scripturas
980 2210 1129 2296 legendas
1140 2233 1207 2274 esse
1216 2212 1387 2298 probabile
1396 2225 1450 2291 est,

499 2312 558 2377 nisi
576 2311 637 2375 sint
661 2313 842 2397 reprobatae
858 2312 1012 2389 lectionis,
1027 2335 1127 2399 quum
1148 2313 1254 2375 omnia
1270 2335 1334 2377 non
1357 2315 1450 2378 modo

498 2435 572 2497 quae
589 2410 715 2498 scripta,
733 2412 785 2475 sed
803 2412 897 2476 etiam
917 2433 990 2496 quae
1007 2413 1089 2478 facta
1112 2429 1196 2485 sunt,
1214 2412 1255 2477 ad
1280 2414 1447 2479 utilitatem

498 2514 645 2593 hominis,
667 2515 740 2578 licet
764 2511 808 2578 eis
833 2515 988 2579 abutatur
1013 2514 1186 2587 interdum,
1210 2514 1363 2580 instituta
1387 2539 1449 2580 cre·

494 2616 624 2681 dantur.
660 2616 741 2679 Nam
752 2629 783 2682 et
796 2616 897 2701 angeli
910 2615 1147 2700 quodammodo
1158 2630 1291 2702 propter
1300 2618 1448 2694 animam,

493 2732 526 2783 et
543 2717 682 2782 mundus
696 2739 877 2804 corporeus,
893 2716 1066 2779 secundum
1083 2716 1288 2781 assertionem
1310 2730 1448 2803 patrum,

495 2819 535 2882 ad
552 2819 690 2905 corporis
705 2841 797 2882 usum
815 2818 981 2882 institutus
996 2831 1052 2882 est.
1101 2818 1154 2881 Ab
1177 2818 1268 2882 initio
1283 2818 1447 2883 benedixit

495 2923 585 2986 Deus
607 2920 740 2994 homini,
757 2919 882 2983 dicens:
915 2920 1055 2984 Crescite
1077 2935 1109 2985 et
1132 2919 1402 3007 multiplicamini,
1416 2934 1447 2985 et

495 3018 615 3105 replete
637 3034 764 3100 terram,
779 3034 812 3085 et
834 3021 983 3108 subjicite
1005 3045 1085 3098 eam,
1101 3036 1133 3087 et
1155 3021 1364 3087 dominamini
1389 3023 1448 3110 pis-

494 3123 587 3186 cibus
611 3120 716 3194 maris,
732 3135 764 3185 et
779 3122 960 3187 volatilibus
976 3122 1058 3199 coeli,
1074 3136 1107 3187 et
1130 3122 1284 3186 universis
1306 3125 1448 3188 animan-

494 3222 580 3287 tibus
595 3244 668 3307 quae
683 3236 852 3286 moventur
867 3247 962 3309 super
979 3238 1105 3288 terram.
1151 3227 1197 3289 Et
1211 3223 1367 3309 adjiciens
1381 3247 1448 3289 om·

493 3346 564 3387 nem
585 3323 715 3387 herbam
738 3324 920 3390 afferentem
945 3349 1061 3400 semen,
1078 3339 1108 3389 et
1134 3324 1282 3391 universa
1303 3326 1393 3413 ligna
1414 3328 1446 3391 iu

489 3449 548 3494 usu
565 3448 624 3492 suo
641 3425 723 3504 (nam
739 3427 874 3490 scamis
896 3427 1016 3503 edulio,
1031 3441 1105 3492 ante
1128 3426 1287 3492 diluvium
1309 3427 1446 3493 credun-

489 3543 544 3595 tur
559 3527 758 3610 abstinuisse)
775 3528 926 3593 concessit
946 3528 991 3591 eis
1013 3528 1044 3592 in
1065 3528 1181 3593 cibum.
1229 3528 1298 3594 lllis
1313 3550 1446 3617 quoque

488 3656 571 3719 quos
595 3655 615 3695 a
641 3642 729 3716 peste
759 3628 872 3693 diluvii
903 3652 986 3706 arca,
1014 3630 1249 3714 praefiguratrix
1278 3629 1443 3709 Ecclesiae,

486 3736 686 3810 liberaverat,
699 3731 912 3809 benedixit,et
926 3731 1025 3814 legem
1038 3731 1139 3807 dedit,
1152 3731 1279 3796 dicens:
1303 3733 1445 3798 Crescite

486 3849 518 3899 et
529 3832 795 3919 multiplicamini,
808 3848 841 3895 et
853 3831 973 3915 replete
986 3845 1113 3906 terram,
1126 3846 1158 3895 et
1172 3846 1272 3896 terror
1288 3843 1394 3896 vester
1408 3856 1443 3897 ac

486 3947 606 3997 tremor
621 3934 660 3995 sit
673 3953 768 4014 super
780 3946 894 3994 cuncta
903 3932 1051 3995 animalia
1068 3948 1171 4015 terrae,
1182 3947 1214 3998 et
1227 3956 1323 4019 super
1335 3957 1446 3999 omnes

482 4033 627 4096 volucres
642 4030 725 4105 coeli,
742 4053 815 4094 cum
833 4030 986 4097 universis
1002 4058 1076 4119 quae
1102 4050 1270 4101 moventur
1285 4035 1316 4098 in
1335 4053 1442 4101 terra:

481 4155 590 4198 omnes
606 4131 706 4217 pisces
722 4132 817 4194 maris
834 4133 940 4196 manui
954 4150 1067 4200 vestrae
1084 4137 1192 4202 traditi
1205 4152 1292 4217 sunt,
1303 4151 1336 4203 et
1348 4161 1443 4202 omne

483 4234 570 4323 quod
605 4244 751 4298 movetur
773 4246 804 4297 et
828 4234 918 4316 vivit,
941 4238 1001 4301 erit
1032 4240 1122 4303 vobis
1143 4240 1176 4302 in
1199 4240 1317 4305 cibum.
1343 4240 1443 4319 Quasi

481 4338 565 4403 olera
599 4337 734 4402 virentia
766 4338 883 4403 tradidi
916 4339 1004 4404 vobis
1034 4343 1151 4422 omnia,
1181 4355 1317 4429 excepto
1355 4342 1445 4429 quod
