3867 5467
505 770 562 826 tas
736 780 872 825 toaxxts
886 779 1162 829 ssassaanrsusrs
1295 767 1385 847 [sta.
1400 787 1457 831 vri.

502 954 585 994 unus
606 931 725 1012 accepit
748 931 905 995 bracium.
953 931 1010 996 llle
1030 934 1087 1018 qui
1106 936 1139 998 in
1154 956 1253 999 cursu
1271 935 1455 1002 ambitionis

499 1031 569 1094 aliis
585 1029 720 1093 velocior
734 1030 854 1102 extitit,
869 1043 901 1092 et
921 1030 979 1115 qui
1000 1035 1208 1115 precucurrit
1230 1032 1333 1097 citius
1347 1036 1452 1106 Petro,

498 1147 529 1197 et
546 1134 659 1217 quovis
674 1131 901 1215 discipulorum
918 1130 1047 1194 Christi.
1092 1131 1244 1196 Ascendit
1256 1136 1343 1197 enim
1360 1133 1451 1212 illico,

498 1249 530 1298 et
554 1256 678 1296 omnem
699 1232 891 1295 celeritatem
913 1231 1068 1296 festinatae
1088 1234 1263 1296 vocationis
1284 1234 1446 1319 prevenit.

501 1336 545 1399 lli
569 1352 643 1400 sttnt
669 1334 725 1421 qui
751 1333 871 1396 crebris
897 1333 1081 1397 muneribus
1106 1333 1234 1398 visitant
1263 1348 1445 1420 potestates,

499 1438 642 1502 laterales
664 1453 695 1502 et
718 1436 888 1499 familiares
908 1458 1017 1498 eorum
1042 1436 1224 1512 sollicitant,
1243 1437 1446 1502 ecclesiarum

498 1540 607 1626 primis
622 1564 654 1603 sc
669 1536 901 1613 commendant,
915 1537 1110 1621 applaudant
1126 1539 1289 1614 omnibus,
1305 1552 1338 1603 et
1354 1540 1444 1603 etiam

497 1662 681 1723 magnarum
698 1639 852 1700 domuum
869 1660 929 1699 non
946 1637 1040 1700 modo
1051 1636 1273 1713 officiales,sed
1288 1638 1447 1703 ciniflones

497 1752 620 1819 rogant,
634 1753 669 1801 ut
685 1758 783 1821 quum
801 1735 901 1799 locum
919 1735 1066 1816 viderint,
1080 1737 1281 1801 meminerint
1297 1739 1358 1802 sui.
1404 1738 1446 1804 lli

497 1851 571 1902 sunt
592 1838 682 1901 amici
706 1836 858 1911 omnium,
875 1853 906 1901 et
928 1840 984 1924 qui
1005 1862 1067 1902 non
1088 1863 1131 1915 se,
1147 1839 1201 1903 sed
1223 1840 1345 1905 amicos
1364 1842 1395 1905 iu
1416 1863 1446 1903 se

496 1940 674 2004 desiderant
692 1940 879 2025 promoveri.
926 1941 970 2003 Hi
987 1955 1059 2005 sunt
1075 1941 1130 2027 qui
1147 1942 1244 2005 sitam
1261 1957 1446 2008 scrutantur

495 2042 641 2119 alienam,
667 2043 831 2125 negligunt
859 2064 960 2116 suam,
987 2042 1190 2106 infulatorum
1222 2066 1326 2109 annos
1354 2045 1447 2110 diuu-

496 2156 630 2222 merant,
650 2140 735 2205 canis
756 2145 918 2214 laetantur,
938 2145 1085 2228 physicos
1107 2158 1138 2208 et
1161 2145 1388 2211 Genethliacos
1408 2147 1447 2211 de

496 2244 571 2307 fatis
601 2242 838 2328 presidentium
870 2244 1050 2320 cousulant,
1082 2244 1198 2308 librant
1228 2247 1392 2328 humores,
1415 2262 1445 2311 et

496 2350 589 2433 quasi
611 2347 642 2409 in
665 2359 781 2410 statera
803 2346 990 2430 appendunt
1013 2346 1165 2411 elementa
1188 2349 1384 2420 virentium
1415 2362 1446 2414 et

496 2472 578 2536 quos
592 2448 715 2513 diutius
730 2469 891 2532 superesse
905 2450 1137 2533 conspexerint,
1152 2461 1278 2512 aetatem
1302 2451 1446 2514 Nestoris

497 2552 608 2615 dicunt
635 2548 798 2625 excedere,
821 2562 853 2612 et
879 2548 960 2611 cerri
989 2563 1045 2613 aut
1071 2548 1202 2613 cornicis
1220 2552 1289 2635 jam
1314 2552 1446 2639 implere

496 2675 684 2719 mensuram.
740 2649 869 2717 Debiles
898 2662 992 2714 aetate
1022 2651 1069 2713 vel
1099 2651 1210 2715 morbo
1243 2655 1444 2730 concutiunt,

496 2756 589 2818 etiam
622 2754 757 2818 sinceros
786 2751 970 2814 criminibus
1004 2752 1180 2815 incrustant
1215 2752 1385 2831 simulatis,
1414 2768 1445 2822 et

496 2856 584 2941 quasi
607 2854 811 2938 haeredipetoe
832 2851 1043 2915 vacillantium
1064 2853 1221 2917 cathedris
1244 2854 1445 2936 insidiantur,

495 2958 648 3039 turpique
674 2954 900 3018 interveniente
929 2955 1115 3018 commercio
1139 2972 1368 3042 occupatarum
1399 2985 1444 3026 se·

493 3056 582 3117 dium
613 3077 697 3139 sape
726 3053 851 3118 illicitas
880 3056 1052 3141 impetrant
1083 3058 1242 3122 sessiones.
1291 3062 1337 3126 Hi
1368 3076 1443 3128 sunt

492 3154 548 3239 qui
570 3152 609 3216 de
625 3177 657 3217 se
672 3154 897 3239 coadjuvandis
919 3172 949 3220 et
966 3160 1198 3243 promovendis,
1215 3162 1352 3228 nefarias
1366 3163 1445 3228 obli-

491 3256 634 3340 gationes
645 3252 866 3339 interponunt;
884 3274 915 3322 et
929 3260 1054 3323 taudem
1068 3284 1168 3346 quum
1181 3263 1298 3327 adrem
1310 3281 1442 3332 rentum

490 3369 548 3435 est,
577 3356 775 3420 immemores
803 3359 877 3422 fidei
903 3376 1013 3425 contra
1045 3363 1136 3427 fidem
1168 3363 1263 3444 datae,
1293 3390 1326 3429 se
1355 3369 1442 3453 ipsos

488 3455 670 3523 ambitionis
684 3470 715 3521 et
731 3458 862 3521 invidiae
877 3461 1015 3524 stimulis
1031 3461 1207 3548 impediunt
1222 3478 1253 3529 ct
1269 3468 1440 3552 repellunt.

490 3558 522 3624 Si
539 3582 615 3644 crgo
630 3560 819 3646 plerumque
833 3561 912 3626 dum
926 3565 1169 3648 competitorum
1187 3566 1254 3630 rixa
1269 3570 1441 3650 crudescit,

488 3663 641 3747 sapientia
664 3662 736 3741 Dei,
760 3686 817 3749 per
838 3663 995 3728 occultam
1022 3677 1052 3729 et
1080 3683 1195 3730 rectam
1222 3668 1440 3753 dispositionis

486 3788 551 3830 suoe
568 3766 662 3842 viam,
676 3766 799 3831 fidelem
822 3766 1018 3849 incognitum
1040 3767 1226 3847 introducit,
1241 3770 1282 3833 de
1306 3796 1373 3858 quo
1389 3796 1441 3838 ne·

485 3887 645 3947 quaquam
659 3881 859 3950 precesserat
875 3890 977 3930 sermo
994 3868 1039 3931 rel
1053 3870 1212 3951 cogitatio.
1254 3873 1316 3938 llla
1332 3888 1436 3940 tamen

484 3984 523 4024 ex
539 3964 797 4044 contingentibus
812 3966 889 4026 nibil
906 3968 1070 4045 omittunt,
1087 3972 1144 4035 nisi
1164 3974 1247 4037 forte
1262 3975 1295 4039 in
1312 4001 1350 4040 eo
1365 4001 1438 4041 con-

485 4061 639 4141 tingentia
654 4064 910 4145 praetermittant,
926 4071 1013 4147 qtiotl
1037 4074 1206 4139 ambiendo
1227 4078 1359 4143 modum
1383 4105 1438 4145 ex·

482 4161 650 4239 cedunt,si
668 4164 818 4225 tamenin
843 4189 880 4227 eo
899 4167 1015 4253 aliquis
1035 4188 1081 4236 est
1100 4176 1183 4239 modi
1205 4201 1364 4258 excessus,
1382 4184 1436 4246 uni

482 4260 586 4325 nullus
608 4275 654 4325 est
678 4263 806 4327 omnino
829 4267 952 4333 modus.
1003 4273 1129 4338 l'ulsant
1155 4276 1266 4363 itaque
1292 4295 1324 4345 et
1352 4306 1435 4367 prab

479 4362 610 4448 cipitant
635 4378 817 4448 potestates,
839 4369 862 4431 si
887 4370 1039 4455 obsequia
1062 4396 1121 4439 uon
1146 4379 1320 4456 sufficiunt,
1343 4384 1368 4447 si
1392 4386 1437 4449 iu·
