3867 5467
577 766 639 823 164
832 776 969 820 Josaxrs
985 773 1263 820 suassssruussm
1357 750 1441 837 [trs.
1459 773 1530 818 rur.

575 942 607 991 et
618 926 849 1011 Epicureorum
867 924 1094 1010 quamplurimi
1108 923 1282 989 traduntur
1296 923 1433 1011 posteris
1448 924 1528 986 hanc

574 1027 753 1113 publicasse
771 1028 969 1091 sententiam.
1016 1028 1145 1102 Fertur,
1163 1039 1294 1090 auctore
1320 1026 1528 1109 Hieronymo,

574 1126 722 1190 aureolus
758 1126 975 1211 Theophrasti
1015 1125 1094 1188 liber
1132 1126 1172 1188 de
1209 1128 1348 1210 nuptiis:
1394 1124 1425 1187 in
1462 1146 1529 1209 quo

575 1228 703 1314 qnaerit,
719 1251 759 1292 an
777 1229 824 1290 vir
840 1229 965 1313 sapiens
981 1228 1077 1291 ducat
1096 1250 1237 1291 uxorem.
1269 1231 1313 1292 Et
1330 1249 1431 1313 quum
1447 1224 1528 1288 diffi-

575 1333 684 1405 nisset,
708 1332 733 1394 si
756 1329 891 1414 pulchra
916 1343 1009 1410 esset,
1031 1329 1057 1392 si
1079 1330 1159 1392 bene
1182 1342 1316 1405 morata,
1339 1328 1365 1391 si
1388 1326 1527 1391 honestis

576 1433 763 1517 parentibus
777 1446 865 1510 orta3
889 1434 915 1494 si
931 1434 999 1517 ipse
1019 1453 1114 1497 sanus
1130 1444 1163 1496 et
1178 1430 1278 1506 dives,
1294 1429 1340 1493 sic
1354 1429 1525 1515 sapientem

578 1533 750 1618 aliquando
771 1532 850 1596 inire
871 1532 1120 1607 matrimonium,
1143 1533 1249 1595 statim
1273 1530 1394 1595 intulit.
1446 1530 1527 1592 Haec

576 1646 682 1695 autem
700 1654 771 1694 raro
785 1632 817 1693 in
833 1632 954 1717 nuptiis
978 1631 1123 1694 universa
1138 1633 1343 1696 concordant.
1390 1633 1464 1694 Non
1480 1640 1527 1691 est

575 1732 674 1815 igitur
687 1756 767 1797 uxor
781 1732 927 1795 ducenda
939 1733 1082 1817 sapienti.
1121 1733 1263 1797 Primum
1280 1731 1364 1795 enim
1379 1730 1527 1815 impediri

575 1833 683 1897 studia
695 1833 914 1919 philosophiae,
928 1857 985 1897 nec
997 1857 1087 1919 posse
1099 1856 1281 1918 quenquam
1292 1832 1381 1896 libris
1391 1844 1424 1896 et
1435 1831 1527 1895 uxori

575 1935 692 2020 pariter
702 1936 864 1999 inservire.
904 1934 1012 1999 Multa
1023 1957 1174 2019 essequae
1184 1948 1401 1998 matronarum
1415 1933 1527 1996 usibus

574 2036 746 2099 necessaria
776 2036 862 2108 sinte
903 2037 1050 2121 pretiosae
1082 2050 1193 2111 vestes,
1223 2058 1351 2112 nurum,
1380 2057 1525 2118 gemmae,

574 2150 734 2221 sumptus,
757 2136 890 2215 nncillae,
913 2136 1056 2222 supellex
1082 2137 1179 2215 varia,
1199 2134 1331 2215 lecticas,
1353 2150 1385 2200 et
1407 2135 1527 2200 exedra

574 2239 737 2303 deaurata.
783 2238 907 2304 Deinde
930 2262 988 2325 per
1004 2254 1088 2303 totas
1101 2252 1209 2302 noctes
1223 2236 1364 2320 garrulae
1377 2259 1528 2324 conques-

575 2340 687 2405 tiones.
720 2340 780 2404 llla
794 2341 934 2405 ornatior
948 2338 1094 2425 procedit
1109 2340 1145 2401 in
1159 2337 1337 2424 publicum,
1349 2338 1418 2403 haec
1430 2339 1527 2400 hono-

574 2454 664 2503 ratur
679 2441 721 2503 ab
735 2442 895 2517 omnibus,
909 2464 969 2525 ego
983 2441 1015 2502 in
1028 2454 1186 2503 conventu
1203 2436 1389 2502 seminarum
1405 2437 1527 2501 misella

571 2539 738 2627 despicior.
784 2546 852 2606 Cur
874 2542 1048 2628 aspiciebas
1071 2541 1227 2603 vicinam?
1266 2540 1352 2616 Quid
1375 2562 1448 2605 cnm
1472 2559 1526 2606 an·

574 2643 682 2707 8111818
709 2643 907 2729 loquebaris?
948 2644 997 2705 De
1018 2641 1088 2703 foro
1112 2640 1238 2703 veniens
1261 2640 1340 2726 quid
1362 2641 1523 2706 attulisti?

575 2748 648 2809 Non
669 2745 804 2808 amicum
826 2744 941 2806 habere
963 2762 1143 2826 possumus,
1159 2763 1220 2804 non
1243 2741 1392 2807 sodalem.
1438 2743 1524 2807 Alte·

575 2845 642 2908 rius
656 2866 807 2921 amorem,
819 2866 912 2907 suum
928 2842 1039 2905 odium
1052 2843 1240 2926 suspicatur.
1281 2842 1313 2905 Si
1327 2841 1527 2905 doctissimus

572 2961 751 3031 praeceptor
780 2946 810 3007 in
841 2943 984 3030 qualibet
1017 2942 1144 3006 urbium
1173 2942 1283 3019 fuerit,
1309 2965 1367 3006 nec
1393 2965 1524 3007 uxorem

574 3048 763 3133 relinquere,
780 3068 835 3109 nec
851 3069 922 3109 cum
940 3046 1062 3109 sarcina
1076 3044 1121 3107 ire
1137 3067 1314 3130 possumus.
1349 3047 1524 3129 Pauperern

573 3149 656 3212 olere
671 3147 796 3212 difficile
818 3163 885 3220 est3
910 3147 1041 3211 divitem
1062 3147 1155 3222 ferre,
1172 3158 1377 3209 tormentum.
1421 3145 1525 3222 Adde,

572 3250 660 3331 quod
684 3250 771 3311 nulla
793 3264 839 3312 est
862 3252 971 3312 uxoris
993 3247 1117 3324 electio,
1137 3248 1190 3311 sed
1214 3246 1447 3333 qualiscunque
1469 3248 1527 3311 ob-

571 3349 693 3410 venerit
710 3347 865 3422 habenda,
881 3348 905 3410 si
929 3349 1094 3425 iracunda,
1111 3350 1136 3411 si
1158 3349 1259 3427 fatua,
1272 3349 1299 3413 si
1318 3348 1482 3423 deformis,
1498 3349 1524 3411 si

574 3448 722 3533 superba,
739 3449 763 3512 si
779 3447 902 3523 foetida,
920 3449 1136 3536 quodcunque
1152 3452 1221 3514 vitii
1234 3463 1290 3524 est,
1306 3463 1378 3533 post
1394 3450 1525 3532 nuptias

573 3550 733 3614 discimus.
785 3552 910 3634 Equus,
940 3551 1058 3623 asinus,
1088 3553 1156 3631 bos,
1186 3552 1281 3627 cenis,
1310 3562 1342 3615 et
1371 3547 1524 3611 vilissima

573 3653 741 3738 mancipia,
766 3668 867 3717 vestes
889 3674 1019 3739 quoque
1041 3670 1074 3717 et
1097 3653 1225 3730 lebetes,
1248 3651 1343 3716 sedile
1368 3650 1523 3732 ligneum,

573 3754 655 3817 calix
672 3770 703 3819 81
721 3755 865 3819 urceolus
880 3755 986 3819 fictilis
1000 3755 1176 3838 probantur
1194 3752 1291 3839 prins,
1307 3767 1339 3818 et
1355 3753 1399 3816 sic
1414 3774 1524 3816 emun-

575 3870 636 3918 tur.
663 3857 736 3918 Sola
749 3879 829 3919 uxor
842 3880 901 3919 non
915 3855 1148 3933 ostenditur,ne
1157 3868 1231 3920 ante
1243 3855 1522 3940 displiceat,quam

574 3955 723 4017 ducatur.
770 3958 978 4020 Attendenda
998 3972 1044 4020 est
1061 3979 1184 4041 semper
1199 3958 1268 4041 ejus
1282 3956 1389 4032 facies,
1405 3968 1436 4018 et
1450 3953 1522 4038 pul·

572 4052 721 4116 chritudo
736 4052 907 4131 laudanda,
919 4080 967 4133 ne,
981 4058 1005 4120 si
1018 4058 1147 4121 alteram
1161 4056 1332 4141 aspexeris,
1345 4080 1377 4120 se
1388 4056 1523 4119 aestinret

572 4153 748 4237 displicere.
810 4159 959 4220 Vocanda
993 4159 1132 4234 domina,
1168 4156 1379 4222 celebrandus
1413 4156 1526 4220 natalis

571 4256 650 4336 ejuS,
674 4256 844 4336 jurandum
872 4280 928 4341 per
956 4259 1089 4321 salntem
1115 4258 1212 4335 illius,
1236 4272 1271 4322 ut
1296 4258 1337 4321 sit
1364 4271 1524 4343 superstes

571 4357 760 4456 optandum,
777 4358 959 4421 honoranda
976 4364 1083 4423 nutrix
1106 4361 1175 4442 ejus
1190 4372 1223 4422 et
1238 4359 1359 4441 gerula.
1408 4360 1526 4422 Servus
