<?xml version="1.0" encoding="UTF-8"?>
<!DOCTYPE html PUBLIC "-//W3C//DTD XHTML 1.0 Transitional//EN"
    "http://www.w3.org/TR/xhtml1/DTD/xhtml1-transitional.dtd">
<html xmlns="http://www.w3.org/1999/xhtml" xml:lang="en" lang="en">
 <head>
  <title>
</title>
<meta http-equiv="Content-Type" content="text/html;charset=utf-8" />
  <meta name='ocr-system' content='tesseract 3.04.00' />
  <meta name='ocr-capabilities' content='ocr_page ocr_carea ocr_par ocr_line ocrx_word'/>
</head>
<body>
  <div class='ocr_page' id='page_1' title='image "./operaomnianuncp00johngoog_0074.png"; bbox 0 0 3867 5467; ppageno 0'>
   <div class='ocr_carea' id='block_1_1' title="bbox 484 785 1440 865">
    <p class='ocr_par' dir='ltr' id='par_1_1' title="bbox 484 785 1440 865">
     <span class='ocr_line' id='line_1_1' title="bbox 484 785 1440 865; baseline -0.004 -15"><span class='ocrx_word' id='word_1_1' title='bbox 484 793 526 850; x_wconf 86' lang='lat'><strong>66</strong></span> <span class='ocrx_word' id='word_1_2' title='bbox 742 800 877 846; x_wconf 76' lang='lat' dir='ltr'><strong>Jonnnrs</strong></span> <span class='ocrx_word' id='word_1_3' title='bbox 891 799 1171 845; x_wconf 75' lang='lat' dir='ltr'><strong>sanssnanrsnsrs</strong></span> <span class='ocrx_word' id='word_1_4' title='bbox 1294 785 1381 865; x_wconf 79' lang='lat' dir='ltr'><strong>[ars.</strong></span> <span class='ocrx_word' id='word_1_5' title='bbox 1396 803 1440 848; x_wconf 86' lang='lat' dir='ltr'><strong>vr.</strong></span> 
     </span>
    </p>
   </div>
   <div class='ocr_carea' id='block_1_2' title="bbox 486 951 1459 4490">
    <p class='ocr_par' dir='ltr' id='par_1_2' title="bbox 486 951 1459 4490">
     <span class='ocr_line' id='line_1_2' title="bbox 487 951 1438 1038; baseline -0.002 -18"><span class='ocrx_word' id='word_1_6' title='bbox 487 958 600 1020; x_wconf 87' lang='lat' dir='ltr'><strong>mulier</strong></span> <span class='ocrx_word' id='word_1_7' title='bbox 619 954 752 1029; x_wconf 85' lang='lat' dir='ltr'><strong>detexit,</strong></span> <span class='ocrx_word' id='word_1_8' title='bbox 768 964 800 1017; x_wconf 88' lang='lat' dir='ltr'><strong>et</strong></span> <span class='ocrx_word' id='word_1_9' title='bbox 814 954 861 1017; x_wconf 92' lang='lat' dir='ltr'><strong>M.</strong></span> <span class='ocrx_word' id='word_1_10' title='bbox 878 953 1021 1017; x_wconf 89' lang='lat' dir='ltr'><strong>Tullium</strong></span> <span class='ocrx_word' id='word_1_11' title='bbox 1043 954 1209 1017; x_wconf 90' lang='lat' dir='ltr'><strong>consulem</strong></span> <span class='ocrx_word' id='word_1_12' title='bbox 1224 951 1260 1016; x_wconf 88' lang='lat' dir='ltr'><strong>in</strong></span> <span class='ocrx_word' id='word_1_13' title='bbox 1275 952 1438 1038; x_wconf 89' lang='lat' dir='ltr'><strong>judicium</strong></span> 
     </span>
     <span class='ocr_line' id='line_1_3' title="bbox 486 1055 1459 1147; baseline -0.004 -21"><span class='ocrx_word' id='word_1_14' title='bbox 486 1064 557 1147; x_wconf 85' lang='lat' dir='ltr'><strong>ejus</strong></span> <span class='ocrx_word' id='word_1_15' title='bbox 585 1060 743 1124; x_wconf 83' lang='lat' dir='ltr'><strong>instruxit.</strong></span> <span class='ocrx_word' id='word_1_16' title='bbox 790 1057 973 1121; x_wconf 90' lang='lat' dir='ltr'><strong>Tormentis</strong></span> <span class='ocrx_word' id='word_1_17' title='bbox 1002 1055 1133 1140; x_wconf 91' lang='lat' dir='ltr'><strong>quidem</strong></span> <span class='ocrx_word' id='word_1_18' title='bbox 1162 1056 1326 1121; x_wconf 83' lang='lat' dir='ltr'><strong>subdendi</strong></span> <span class='ocrx_word' id='word_1_19' title='bbox 1357 1063 1459 1136; x_wconf 67' lang='lat' dir='ltr'><strong>sunt·</strong></span> 
     </span>
     <span class='ocr_line' id='line_1_4' title="bbox 487 1157 1439 1245; baseline -0.004 -18"><span class='ocrx_word' id='word_1_20' title='bbox 487 1164 515 1227; x_wconf 95' lang='lat' dir='ltr'><strong>si</strong></span> <span class='ocrx_word' id='word_1_21' title='bbox 537 1164 599 1226; x_wconf 92' lang='lat' dir='ltr'><strong>hoc</strong></span> <span class='ocrx_word' id='word_1_22' title='bbox 622 1161 702 1225; x_wconf 87' lang='lat' dir='ltr'><strong>ratio</strong></span> <span class='ocrx_word' id='word_1_23' title='bbox 724 1158 934 1234; x_wconf 81' lang='lat' dir='ltr'><strong>necessitatis,</strong></span> <span class='ocrx_word' id='word_1_24' title='bbox 956 1168 1012 1221; x_wconf 91' lang='lat' dir='ltr'><strong>aut</strong></span> <span class='ocrx_word' id='word_1_25' title='bbox 1039 1157 1186 1221; x_wconf 81' lang='lat' dir='ltr'><strong>utilitatis</strong></span> <span class='ocrx_word' id='word_1_26' title='bbox 1214 1158 1361 1236; x_wconf 86' lang='lat' dir='ltr'><strong>inducat,</strong></span> <span class='ocrx_word' id='word_1_27' title='bbox 1384 1160 1439 1245; x_wconf 90' lang='lat' dir='ltr'><strong>qni</strong></span> 
     </span>
     <span class='ocr_line' id='line_1_5' title="bbox 488 1258 1439 1347; baseline -0.002 -19"><span class='ocrx_word' id='word_1_28' title='bbox 488 1264 630 1329; x_wconf 89' lang='lat' dir='ltr'><strong>criminis</strong></span> <span class='ocrx_word' id='word_1_29' title='bbox 651 1262 722 1347; x_wconf 89' lang='lat' dir='ltr'><strong>ejus</strong></span> <span class='ocrx_word' id='word_1_30' title='bbox 743 1261 787 1324; x_wconf 91' lang='lat' dir='ltr'><strong>rei</strong></span> <span class='ocrx_word' id='word_1_31' title='bbox 810 1281 879 1324; x_wconf 89' lang='lat' dir='ltr'><strong>esse</strong></span> <span class='ocrx_word' id='word_1_32' title='bbox 902 1258 1074 1323; x_wconf 88' lang='lat' dir='ltr'><strong>creduntur</strong></span> <span class='ocrx_word' id='word_1_33' title='bbox 1104 1280 1177 1322; x_wconf 93' lang='lat' dir='ltr'><strong>cum</strong></span> <span class='ocrx_word' id='word_1_34' title='bbox 1206 1260 1282 1338; x_wconf 90' lang='lat' dir='ltr'><strong>illis,</strong></span> <span class='ocrx_word' id='word_1_35' title='bbox 1303 1282 1439 1344; x_wconf 89' lang='lat' dir='ltr'><strong>quornm</strong></span> 
     </span>
     <span class='ocr_line' id='line_1_6' title="bbox 489 1360 1440 1448; baseline -0.003 -17"><span class='ocrx_word' id='word_1_36' title='bbox 489 1366 624 1431; x_wconf 88' lang='lat' dir='ltr'><strong>consilio</strong></span> <span class='ocrx_word' id='word_1_37' title='bbox 647 1375 744 1448; x_wconf 90' lang='lat' dir='ltr'><strong>atque</strong></span> <span class='ocrx_word' id='word_1_38' title='bbox 767 1362 921 1426; x_wconf 89' lang='lat' dir='ltr'><strong>instinctu</strong></span> <span class='ocrx_word' id='word_1_39' title='bbox 949 1360 989 1425; x_wconf 96' lang='lat' dir='ltr'><strong>ad</strong></span> <span class='ocrx_word' id='word_1_40' title='bbox 1013 1361 1253 1426; x_wconf 84' lang='lat' dir='ltr'><strong>accusationem</strong></span> <span class='ocrx_word' id='word_1_41' title='bbox 1283 1363 1440 1428; x_wconf 72' lang='lat' dir='ltr'><strong>visisunt</strong></span> 
     </span>
     <span class='ocr_line' id='line_1_7' title="bbox 488 1461 1439 1540; baseline -0.005 -7"><span class='ocrx_word' id='word_1_42' title='bbox 488 1469 675 1540; x_wconf 78' lang='lat' dir='ltr'><strong>accessisse,</strong></span> <span class='ocrx_word' id='word_1_43' title='bbox 698 1474 733 1528; x_wconf 94' lang='lat' dir='ltr'><strong>ut</strong></span> <span class='ocrx_word' id='word_1_44' title='bbox 761 1464 802 1527; x_wconf 91' lang='lat' dir='ltr'><strong>ab</strong></span> <span class='ocrx_word' id='word_1_45' title='bbox 829 1462 978 1525; x_wconf 90' lang='lat' dir='ltr'><strong>omnibus</strong></span> <span class='ocrx_word' id='word_1_46' title='bbox 1000 1461 1179 1525; x_wconf 89' lang='lat' dir='ltr'><strong>commissis</strong></span> <span class='ocrx_word' id='word_1_47' title='bbox 1209 1464 1351 1528; x_wconf 88' lang='lat' dir='ltr'><strong>consciis</strong></span> <span class='ocrx_word' id='word_1_48' title='bbox 1373 1466 1439 1528; x_wconf 87' lang='lat' dir='ltr'><strong>rin·</strong></span> 
     </span>
     <span class='ocr_line' id='line_1_8' title="bbox 489 1564 1438 1652; baseline -0.004 -17"><span class='ocrx_word' id='word_1_49' title='bbox 489 1571 578 1635; x_wconf 91' lang='lat' dir='ltr'><strong>dicta</strong></span> <span class='ocrx_word' id='word_1_50' title='bbox 605 1568 709 1652; x_wconf 89' lang='lat' dir='ltr'><strong>possit</strong></span> <span class='ocrx_word' id='word_1_51' title='bbox 737 1565 882 1629; x_wconf 87' lang='lat' dir='ltr'><strong>instituta</strong></span> <span class='ocrx_word' id='word_1_52' title='bbox 912 1564 1075 1647; x_wconf 87' lang='lat' dir='ltr'><strong>reportari.</strong></span> <span class='ocrx_word' id='word_1_53' title='bbox 1121 1564 1204 1628; x_wconf 86' lang='lat' dir='ltr'>Sunt</span> <span class='ocrx_word' id='word_1_54' title='bbox 1232 1575 1340 1630; x_wconf 90' lang='lat' dir='ltr'><strong>autem</strong></span> <span class='ocrx_word' id='word_1_55' title='bbox 1371 1568 1438 1652; x_wconf 92' lang='lat' dir='ltr'><strong>plu-</strong></span> 
     </span>
     <span class='ocr_line' id='line_1_9' title="bbox 488 1664 1439 1751; baseline -0.001 -17"><span class='ocrx_word' id='word_1_56' title='bbox 488 1672 578 1747; x_wconf 83' lang='lat' dir='ltr'><strong>rima,</strong></span> <span class='ocrx_word' id='word_1_57' title='bbox 607 1689 679 1751; x_wconf 85' lang='lat' dir='ltr'><strong>quae</strong></span> <span class='ocrx_word' id='word_1_58' title='bbox 711 1666 885 1749; x_wconf 87' lang='lat' dir='ltr'><strong>majestatis</strong></span> <span class='ocrx_word' id='word_1_59' title='bbox 915 1665 1088 1728; x_wconf 83' lang='lat' dir='ltr'><strong>informant</strong></span> <span class='ocrx_word' id='word_1_60' title='bbox 1117 1664 1249 1744; x_wconf 86' lang='lat' dir='ltr'><strong>crimen,</strong></span> <span class='ocrx_word' id='word_1_61' title='bbox 1280 1679 1315 1731; x_wconf 91' lang='lat' dir='ltr'><strong>nt</strong></span> <span class='ocrx_word' id='word_1_62' title='bbox 1345 1669 1372 1732; x_wconf 88' lang='lat' dir='ltr'><strong>si</strong></span> <span class='ocrx_word' id='word_1_63' title='bbox 1401 1668 1439 1733; x_wconf 93' lang='lat' dir='ltr'><strong>de</strong></span> 
     </span>
     <span class='ocr_line' id='line_1_10' title="bbox 489 1766 1441 1854; baseline 0.001 -19"><span class='ocrx_word' id='word_1_64' title='bbox 489 1783 589 1835; x_wconf 88' lang='lat' dir='ltr'><strong>morte</strong></span> <span class='ocrx_word' id='word_1_65' title='bbox 604 1768 760 1854; x_wconf 88' lang='lat' dir='ltr'><strong>principis</strong></span> <span class='ocrx_word' id='word_1_66' title='bbox 775 1776 934 1845; x_wconf 77' lang='lat' dir='ltr'><strong>tractetur,</strong></span> <span class='ocrx_word' id='word_1_67' title='bbox 951 1778 1005 1829; x_wconf 90' lang='lat' dir='ltr'><strong>aut</strong></span> <span class='ocrx_word' id='word_1_68' title='bbox 1019 1766 1270 1848; x_wconf 80' lang='lat' dir='ltr'><strong>magistratuum,</strong></span> <span class='ocrx_word' id='word_1_69' title='bbox 1285 1781 1341 1834; x_wconf 89' lang='lat' dir='ltr'><strong>ant</strong></span> <span class='ocrx_word' id='word_1_70' title='bbox 1356 1792 1441 1835; x_wconf 80' lang='lat' dir='ltr'><strong>arma</strong></span> 
     </span>
     <span class='ocr_line' id='line_1_11' title="bbox 491 1867 1441 1957; baseline 0.001 -21"><span class='ocrx_word' id='word_1_71' title='bbox 491 1872 563 1957; x_wconf 90' lang='lat' dir='ltr'><strong>quis</strong></span> <span class='ocrx_word' id='word_1_72' title='bbox 589 1883 699 1935; x_wconf 91' lang='lat' dir='ltr'><strong>contra</strong></span> <span class='ocrx_word' id='word_1_73' title='bbox 724 1868 858 1953; x_wconf 87' lang='lat' dir='ltr'><strong>patriam</strong></span> <span class='ocrx_word' id='word_1_74' title='bbox 884 1867 1001 1944; x_wconf 86' lang='lat' dir='ltr'><strong>tulerit,</strong></span> <span class='ocrx_word' id='word_1_75' title='bbox 1023 1877 1078 1931; x_wconf 90' lang='lat' dir='ltr'><strong>aut</strong></span> <span class='ocrx_word' id='word_1_76' title='bbox 1099 1868 1210 1931; x_wconf 88' lang='lat' dir='ltr'><strong>relicto</strong></span> <span class='ocrx_word' id='word_1_77' title='bbox 1232 1870 1381 1955; x_wconf 88' lang='lat' dir='ltr'><strong>principe</strong></span> <span class='ocrx_word' id='word_1_78' title='bbox 1403 1871 1441 1936; x_wconf 89' lang='lat' dir='ltr'><strong>de</strong></span> 
     </span>
     <span class='ocr_line' id='line_1_12' title="bbox 491 1969 1440 2058; baseline 0.001 -22"><span class='ocrx_word' id='word_1_79' title='bbox 491 1973 623 2058; x_wconf 90' lang='lat' dir='ltr'><strong>publico</strong></span> <span class='ocrx_word' id='word_1_80' title='bbox 652 1972 738 2033; x_wconf 90' lang='lat' dir='ltr'><strong>bello</strong></span> <span class='ocrx_word' id='word_1_81' title='bbox 767 1969 953 2053; x_wconf 87' lang='lat' dir='ltr'><strong>profugerit,</strong></span> <span class='ocrx_word' id='word_1_82' title='bbox 984 1979 1041 2032; x_wconf 88' lang='lat' dir='ltr'><strong>aut</strong></span> <span class='ocrx_word' id='word_1_83' title='bbox 1069 1969 1264 2034; x_wconf 85' lang='lat' dir='ltr'><strong>concitatum</strong></span> <span class='ocrx_word' id='word_1_84' title='bbox 1295 1972 1331 2035; x_wconf 92' lang='lat' dir='ltr'><strong>in</strong></span> <span class='ocrx_word' id='word_1_85' title='bbox 1361 1973 1440 2037; x_wconf 85' lang='lat' dir='ltr'><strong>sodi-</strong></span> 
     </span>
     <span class='ocr_line' id='line_1_13' title="bbox 491 2070 1442 2156; baseline 0.001 -19"><span class='ocrx_word' id='word_1_86' title='bbox 491 2074 611 2138; x_wconf 90' lang='lat' dir='ltr'><strong>tionem</strong></span> <span class='ocrx_word' id='word_1_87' title='bbox 627 2071 779 2135; x_wconf 88' lang='lat' dir='ltr'><strong>adversus</strong></span> <span class='ocrx_word' id='word_1_88' title='bbox 793 2070 1024 2153; x_wconf 90' lang='lat' dir='ltr'><strong>rempublicam</strong></span> <span class='ocrx_word' id='word_1_89' title='bbox 1039 2070 1258 2135; x_wconf 85' lang='lat' dir='ltr'><strong>sollicitaverit</strong></span> <span class='ocrx_word' id='word_1_90' title='bbox 1271 2075 1442 2156; x_wconf 88' lang='lat' dir='ltr'><strong>populum:</strong></span> 
     </span>
     <span class='ocr_line' id='line_1_14' title="bbox 492 2170 1443 2260; baseline 0.003 -23"><span class='ocrx_word' id='word_1_91' title='bbox 492 2174 624 2257; x_wconf 87' lang='lat' dir='ltr'><strong>cujusve</strong></span> <span class='ocrx_word' id='word_1_92' title='bbox 649 2192 756 2254; x_wconf 87' lang='lat' dir='ltr'><strong>opera,</strong></span> <span class='ocrx_word' id='word_1_93' title='bbox 783 2170 896 2235; x_wconf 82' lang='lat' dir='ltr'><strong>dolore</strong></span> <span class='ocrx_word' id='word_1_94' title='bbox 923 2173 1019 2248; x_wconf 87' lang='lat' dir='ltr'><strong>malo,</strong></span> <span class='ocrx_word' id='word_1_95' title='bbox 1043 2171 1152 2234; x_wconf 79' lang='lat' dir='ltr'><strong>hostes</strong></span> <span class='ocrx_word' id='word_1_96' title='bbox 1181 2173 1306 2257; x_wconf 89' lang='lat' dir='ltr'><strong>populi,</strong></span> <span class='ocrx_word' id='word_1_97' title='bbox 1333 2175 1443 2260; x_wconf 85' lang='lat' dir='ltr'><strong>reique</strong></span> 
     </span>
     <span class='ocr_line' id='line_1_15' title="bbox 492 2273 1443 2363; baseline 0.002 -23"><span class='ocrx_word' id='word_1_98' title='bbox 492 2275 644 2362; x_wconf 77' lang='lat' dir='ltr'><strong>publica,</strong></span> <span class='ocrx_word' id='word_1_99' title='bbox 678 2287 869 2347; x_wconf 81' lang='lat' dir='ltr'><strong>commeatu,</strong></span> <span class='ocrx_word' id='word_1_100' title='bbox 905 2274 1012 2352; x_wconf 87' lang='lat' dir='ltr'><strong>armis,</strong></span> <span class='ocrx_word' id='word_1_101' title='bbox 1048 2273 1131 2352; x_wconf 87' lang='lat' dir='ltr'><strong>telis,</strong></span> <span class='ocrx_word' id='word_1_102' title='bbox 1164 2277 1314 2358; x_wconf 87' lang='lat' dir='ltr'><strong>pecnnia,</strong></span> <span class='ocrx_word' id='word_1_103' title='bbox 1344 2301 1443 2363; x_wconf 86' lang='lat' dir='ltr'><strong>quare</strong></span> 
     </span>
     <span class='ocr_line' id='line_1_16' title="bbox 492 2373 1445 2463; baseline 0.006 -22"><span class='ocrx_word' id='word_1_104' title='bbox 492 2378 556 2442; x_wconf 92' lang='lat' dir='ltr'><strong>alia</strong></span> <span class='ocrx_word' id='word_1_105' title='bbox 582 2398 613 2439; x_wconf 84' lang='lat' dir='ltr'><strong>re</strong></span> <span class='ocrx_word' id='word_1_106' title='bbox 636 2375 834 2459; x_wconf 86' lang='lat' dir='ltr'><strong>adjuvantur,</strong></span> <span class='ocrx_word' id='word_1_107' title='bbox 856 2375 907 2436; x_wconf 90' lang='lat' dir='ltr'><strong>vcl</strong></span> <span class='ocrx_word' id='word_1_108' title='bbox 929 2396 972 2436; x_wconf 88' lang='lat' dir='ltr'><strong>ex</strong></span> <span class='ocrx_word' id='word_1_109' title='bbox 997 2373 1107 2437; x_wconf 89' lang='lat' dir='ltr'><strong>amicis</strong></span> <span class='ocrx_word' id='word_1_110' title='bbox 1129 2375 1238 2440; x_wconf 88' lang='lat' dir='ltr'><strong>hostes</strong></span> <span class='ocrx_word' id='word_1_111' title='bbox 1260 2377 1445 2463; x_wconf 66' lang='lat' dir='ltr'><strong>reipublicae</strong></span> 
     </span>
     <span class='ocr_line' id='line_1_17' title="bbox 493 2475 1444 2566; baseline 0.005 -24"><span class='ocrx_word' id='word_1_112' title='bbox 493 2479 592 2543; x_wconf 86' lang='lat' dir='ltr'><strong>liunt:</strong></span> <span class='ocrx_word' id='word_1_113' title='bbox 616 2477 747 2561; x_wconf 82' lang='lat' dir='ltr'><strong>cujusve</strong></span> <span class='ocrx_word' id='word_1_114' title='bbox 769 2497 877 2559; x_wconf 89' lang='lat' dir='ltr'><strong>opera,</strong></span> <span class='ocrx_word' id='word_1_115' title='bbox 900 2475 1015 2539; x_wconf 88' lang='lat' dir='ltr'><strong>dolove</strong></span> <span class='ocrx_word' id='word_1_116' title='bbox 1038 2476 1135 2551; x_wconf 86' lang='lat' dir='ltr'><strong>malo,</strong></span> <span class='ocrx_word' id='word_1_117' title='bbox 1148 2476 1270 2540; x_wconf 88' lang='lat' dir='ltr'><strong>sactum</strong></span> <span class='ocrx_word' id='word_1_118' title='bbox 1292 2477 1363 2559; x_wconf 85' lang='lat' dir='ltr'><strong>erit,</strong></span> <span class='ocrx_word' id='word_1_119' title='bbox 1383 2504 1444 2566; x_wconf 89' lang='lat' dir='ltr'><strong>quo</strong></span> 
     </span>
     <span class='ocr_line' id='line_1_18' title="bbox 494 2574 1446 2663; baseline 0.002 -18"><span class='ocrx_word' id='word_1_120' title='bbox 494 2581 597 2663; x_wconf 86' lang='lat' dir='ltr'><strong>magis</strong></span> <span class='ocrx_word' id='word_1_121' title='bbox 611 2577 741 2644; x_wconf 91' lang='lat' dir='ltr'><strong>obsides</strong></span> <span class='ocrx_word' id='word_1_122' title='bbox 756 2578 894 2661; x_wconf 88' lang='lat' dir='ltr'><strong>pecunia</strong></span> <span class='ocrx_word' id='word_1_123' title='bbox 908 2574 1025 2639; x_wconf 89' lang='lat' dir='ltr'><strong>dentur</strong></span> <span class='ocrx_word' id='word_1_124' title='bbox 1039 2574 1189 2639; x_wconf 86' lang='lat' dir='ltr'><strong>adversus</strong></span> <span class='ocrx_word' id='word_1_125' title='bbox 1203 2579 1446 2662; x_wconf 88' lang='lat' dir='ltr'><strong>rempublicam,</strong></span> 
     </span>
     <span class='ocr_line' id='line_1_19' title="bbox 495 2680 1446 2771; baseline 0.004 -22"><span class='ocrx_word' id='word_1_126' title='bbox 495 2708 559 2771; x_wconf 92' lang='lat' dir='ltr'><strong>quo</strong></span> <span class='ocrx_word' id='word_1_127' title='bbox 579 2686 685 2749; x_wconf 91' lang='lat' dir='ltr'><strong>minus</strong></span> <span class='ocrx_word' id='word_1_128' title='bbox 705 2682 799 2746; x_wconf 90' lang='lat' dir='ltr'><strong>etiam</strong></span> <span class='ocrx_word' id='word_1_129' title='bbox 821 2702 900 2763; x_wconf 89' lang='lat' dir='ltr'><strong>gens</strong></span> <span class='ocrx_word' id='word_1_130' title='bbox 922 2688 1084 2743; x_wconf 80' lang='lat' dir='ltr'><strong>extranea</strong></span> <span class='ocrx_word' id='word_1_131' title='bbox 1103 2680 1242 2763; x_wconf 79' lang='lat' dir='ltr'><strong>regionis</strong></span> <span class='ocrx_word' id='word_1_132' title='bbox 1260 2684 1446 2768; x_wconf 76' lang='lat' dir='ltr'><strong>reipublice</strong></span> 
     </span>
     <span class='ocr_line' id='line_1_20' title="bbox 494 2781 1446 2870; baseline 0.003 -19"><span class='ocrx_word' id='word_1_133' title='bbox 494 2790 703 2870; x_wconf 89' lang='lat' dir='ltr'><strong>obtemperet,</strong></span> <span class='ocrx_word' id='word_1_134' title='bbox 718 2783 839 2846; x_wconf 86' lang='lat' dir='ltr'><strong>fecerit.</strong></span> <span class='ocrx_word' id='word_1_135' title='bbox 886 2784 966 2845; x_wconf 87' lang='lat' dir='ltr'><strong>Item</strong></span> <span class='ocrx_word' id='word_1_136' title='bbox 990 2781 1045 2865; x_wconf 89' lang='lat' dir='ltr'><strong>qui</strong></span> <span class='ocrx_word' id='word_1_137' title='bbox 1068 2783 1249 2847; x_wconf 86' lang='lat' dir='ltr'><strong>confessum</strong></span> <span class='ocrx_word' id='word_1_138' title='bbox 1271 2785 1306 2848; x_wconf 91' lang='lat' dir='ltr'><strong>iu</strong></span> <span class='ocrx_word' id='word_1_139' title='bbox 1325 2787 1446 2870; x_wconf 88' lang='lat' dir='ltr'><strong>judicio</strong></span> 
     </span>
     <span class='ocr_line' id='line_1_21' title="bbox 494 2883 1447 2970; baseline 0.004 -19"><span class='ocrx_word' id='word_1_140' title='bbox 494 2909 594 2963; x_wconf 91' lang='lat' dir='ltr'><strong>reum,</strong></span> <span class='ocrx_word' id='word_1_141' title='bbox 609 2898 641 2949; x_wconf 90' lang='lat' dir='ltr'><strong>et</strong></span> <span class='ocrx_word' id='word_1_142' title='bbox 663 2894 793 2966; x_wconf 88' lang='lat' dir='ltr'><strong>propter</strong></span> <span class='ocrx_word' id='word_1_143' title='bbox 812 2885 874 2945; x_wconf 94' lang='lat' dir='ltr'><strong>hoc</strong></span> <span class='ocrx_word' id='word_1_144' title='bbox 894 2884 927 2944; x_wconf 92' lang='lat' dir='ltr'><strong>in</strong></span> <span class='ocrx_word' id='word_1_145' title='bbox 948 2883 1075 2947; x_wconf 83' lang='lat' dir='ltr'><strong>vincula</strong></span> <span class='ocrx_word' id='word_1_146' title='bbox 1090 2884 1283 2967; x_wconf 88' lang='lat' dir='ltr'><strong>conjectum,</strong></span> <span class='ocrx_word' id='word_1_147' title='bbox 1299 2890 1447 2970; x_wconf 85' lang='lat' dir='ltr'><strong>emiserit,</strong></span> 
     </span>
     <span class='ocr_line' id='line_1_22' title="bbox 496 2982 1448 3074; baseline 0.004 -23"><span class='ocrx_word' id='word_1_148' title='bbox 496 2998 528 3051; x_wconf 91' lang='lat' dir='ltr'><strong>ct</strong></span> <span class='ocrx_word' id='word_1_149' title='bbox 541 2989 574 3050; x_wconf 92' lang='lat' dir='ltr'><strong>in</strong></span> <span class='ocrx_word' id='word_1_150' title='bbox 590 2988 676 3047; x_wconf 93' lang='lat' dir='ltr'><strong>hunc</strong></span> <span class='ocrx_word' id='word_1_151' title='bbox 693 2982 822 3045; x_wconf 90' lang='lat' dir='ltr'><strong>modum</strong></span> <span class='ocrx_word' id='word_1_152' title='bbox 840 2982 988 3065; x_wconf 89' lang='lat' dir='ltr'><strong>plurima,</strong></span> <span class='ocrx_word' id='word_1_153' title='bbox 1003 3006 1075 3067; x_wconf 81' lang='lat' dir='ltr'><strong>qua·</strong></span> <span class='ocrx_word' id='word_1_154' title='bbox 1095 2985 1239 3068; x_wconf 87' lang='lat' dir='ltr'><strong>longum,</strong></span> <span class='ocrx_word' id='word_1_155' title='bbox 1253 2997 1309 3052; x_wconf 88' lang='lat' dir='ltr'><strong>aut</strong></span> <span class='ocrx_word' id='word_1_156' title='bbox 1330 2990 1448 3074; x_wconf 87' lang='lat' dir='ltr'><strong>impos·</strong></span> 
     </span>
     <span class='ocr_line' id='line_1_23' title="bbox 497 3080 1449 3167; baseline 0.005 -16"><span class='ocrx_word' id='word_1_157' title='bbox 497 3088 590 3151; x_wconf 87' lang='lat' dir='ltr'><strong>sibile</strong></span> <span class='ocrx_word' id='word_1_158' title='bbox 615 3095 665 3148; x_wconf 90' lang='lat' dir='ltr'><strong>cst</strong></span> <span class='ocrx_word' id='word_1_159' title='bbox 689 3102 843 3146; x_wconf 88' lang='lat' dir='ltr'><strong>enarrare.</strong></span> <span class='ocrx_word' id='word_1_160' title='bbox 888 3081 953 3147; x_wconf 86' lang='lat' dir='ltr'><strong>Sed</strong></span> <span class='ocrx_word' id='word_1_161' title='bbox 979 3080 1053 3167; x_wconf 88' lang='lat' dir='ltr'><strong>quia</strong></span> <span class='ocrx_word' id='word_1_162' title='bbox 1076 3085 1207 3149; x_wconf 89' lang='lat' dir='ltr'><strong>sormam</strong></span> <span class='ocrx_word' id='word_1_163' title='bbox 1229 3087 1396 3156; x_wconf 87' lang='lat' dir='ltr'><strong>fidelitatis</strong></span> <span class='ocrx_word' id='word_1_164' title='bbox 1416 3092 1449 3156; x_wconf 90' lang='lat' dir='ltr'><strong>in</strong></span> 
     </span>
     <span class='ocr_line' id='line_1_24' title="bbox 497 3186 1449 3277; baseline 0.006 -24"><span class='ocrx_word' id='word_1_165' title='bbox 497 3212 535 3253; x_wconf 92' lang='lat' dir='ltr'><strong>eo</strong></span> <span class='ocrx_word' id='word_1_166' title='bbox 551 3210 616 3273; x_wconf 79' lang='lat' dir='ltr'><strong>prm</strong></span> <span class='ocrx_word' id='word_1_167' title='bbox 632 3186 756 3250; x_wconf 83' lang='lat' dir='ltr'><strong>caeteris</strong></span> <span class='ocrx_word' id='word_1_168' title='bbox 771 3186 886 3248; x_wconf 78' lang='lat' dir='ltr'><strong>samari</strong></span> <span class='ocrx_word' id='word_1_169' title='bbox 907 3193 1044 3269; x_wconf 89' lang='lat' dir='ltr'><strong>oportet,</strong></span> <span class='ocrx_word' id='word_1_170' title='bbox 1057 3207 1162 3269; x_wconf 86' lang='lat' dir='ltr'><strong>pauca</strong></span> <span class='ocrx_word' id='word_1_171' title='bbox 1179 3200 1255 3254; x_wconf 87' lang='lat' dir='ltr'><strong>sunt</strong></span> <span class='ocrx_word' id='word_1_172' title='bbox 1274 3211 1317 3254; x_wconf 89' lang='lat' dir='ltr'><strong>ex</strong></span> <span class='ocrx_word' id='word_1_173' title='bbox 1333 3194 1449 3277; x_wconf 88' lang='lat' dir='ltr'><strong>quibus</strong></span> 
     </span>
     <span class='ocr_line' id='line_1_25' title="bbox 499 3285 1450 3375; baseline 0.008 -23"><span class='ocrx_word' id='word_1_174' title='bbox 499 3290 577 3375; x_wconf 92' lang='lat' dir='ltr'><strong>qnid</strong></span> <span class='ocrx_word' id='word_1_175' title='bbox 600 3310 665 3352; x_wconf 91' lang='lat' dir='ltr'><strong>non</strong></span> <span class='ocrx_word' id='word_1_176' title='bbox 687 3287 794 3364; x_wconf 89' lang='lat' dir='ltr'><strong>liceat,</strong></span> <span class='ocrx_word' id='word_1_177' title='bbox 812 3285 1070 3350; x_wconf 90' lang='lat' dir='ltr'><strong>commodissime</strong></span> <span class='ocrx_word' id='word_1_178' title='bbox 1092 3289 1200 3371; x_wconf 88' lang='lat' dir='ltr'><strong>colligi</strong></span> <span class='ocrx_word' id='word_1_179' title='bbox 1222 3301 1338 3374; x_wconf 83' lang='lat' dir='ltr'><strong>potest.</strong></span> <span class='ocrx_word' id='word_1_180' title='bbox 1385 3295 1450 3360; x_wconf 87' lang='lat' dir='ltr'><strong>Ne·</strong></span> 
     </span>
     <span class='ocr_line' id='line_1_26' title="bbox 499 3387 1450 3474; baseline 0.002 -19"><span class='ocrx_word' id='word_1_181' title='bbox 499 3391 629 3456; x_wconf 88' lang='lat' dir='ltr'><strong>cessarii</strong></span> <span class='ocrx_word' id='word_1_182' title='bbox 651 3410 789 3473; x_wconf 86' lang='lat' dir='ltr'><strong>namque</strong></span> <span class='ocrx_word' id='word_1_183' title='bbox 820 3387 1026 3463; x_wconf 89' lang='lat' dir='ltr'><strong>contrarium,</strong></span> <span class='ocrx_word' id='word_1_184' title='bbox 1052 3390 1251 3471; x_wconf 90' lang='lat' dir='ltr'><strong>impossibile</strong></span> <span class='ocrx_word' id='word_1_185' title='bbox 1276 3406 1337 3474; x_wconf 85' lang='lat' dir='ltr'><strong>est,</strong></span> <span class='ocrx_word' id='word_1_186' title='bbox 1362 3408 1397 3463; x_wconf 85' lang='lat' dir='ltr'><strong>et</strong></span> <span class='ocrx_word' id='word_1_187' title='bbox 1420 3397 1450 3462; x_wconf 89' lang='lat' dir='ltr'><strong>ei</strong></span> 
     </span>
     <span class='ocr_line' id='line_1_27' title="bbox 499 3489 1451 3584; baseline 0.008 -28"><span class='ocrx_word' id='word_1_188' title='bbox 499 3493 587 3579; x_wconf 93' lang='lat' dir='ltr'><strong>quod</strong></span> <span class='ocrx_word' id='word_1_189' title='bbox 603 3501 728 3575; x_wconf 85' lang='lat' dir='ltr'><strong>oportet</strong></span> <span class='ocrx_word' id='word_1_190' title='bbox 748 3490 828 3566; x_wconf 88' lang='lat' dir='ltr'><strong>ficri,</strong></span> <span class='ocrx_word' id='word_1_191' title='bbox 844 3492 913 3552; x_wconf 89' lang='lat' dir='ltr'><strong>sola</strong></span> <span class='ocrx_word' id='word_1_192' title='bbox 931 3489 1045 3553; x_wconf 89' lang='lat' dir='ltr'><strong>illicita</strong></span> <span class='ocrx_word' id='word_1_193' title='bbox 1059 3492 1290 3559; x_wconf 85' lang='lat' dir='ltr'><strong>contradicunt</strong></span> <span class='ocrx_word' id='word_1_194' title='bbox 1334 3498 1451 3584; x_wconf 86' lang='lat' dir='ltr'><strong>Exigit</strong></span> 
     </span>
     <span class='ocr_line' id='line_1_28' title="bbox 500 3592 1451 3673; baseline 0.006 -13"><span class='ocrx_word' id='word_1_195' title='bbox 500 3604 605 3660; x_wconf 87' lang='lat' dir='ltr'><strong>autem</strong></span> <span class='ocrx_word' id='word_1_196' title='bbox 636 3592 800 3657; x_wconf 88' lang='lat' dir='ltr'><strong>fidelitatis</strong></span> <span class='ocrx_word' id='word_1_197' title='bbox 828 3592 938 3665; x_wconf 86' lang='lat' dir='ltr'><strong>sonna,</strong></span> <span class='ocrx_word' id='word_1_198' title='bbox 966 3611 1039 3673; x_wconf 86' lang='lat' dir='ltr'><strong>quas</strong></span> <span class='ocrx_word' id='word_1_199' title='bbox 1069 3595 1249 3658; x_wconf 88' lang='lat' dir='ltr'><strong>necessario</strong></span> <span class='ocrx_word' id='word_1_200' title='bbox 1273 3596 1352 3663; x_wconf 88' lang='lat' dir='ltr'><strong>fidei</strong></span> <span class='ocrx_word' id='word_1_201' title='bbox 1377 3612 1451 3665; x_wconf 89' lang='lat' dir='ltr'><strong>sunt</strong></span> 
     </span>
     <span class='ocr_line' id='line_1_29' title="bbox 499 3693 1452 3780; baseline 0 -17"><span class='ocrx_word' id='word_1_202' title='bbox 499 3700 627 3773; x_wconf 88' lang='lat' dir='ltr'><strong>inserta,</strong></span> <span class='ocrx_word' id='word_1_203' title='bbox 657 3697 830 3770; x_wconf 86' lang='lat' dir='ltr'><strong>incolume,</strong></span> <span class='ocrx_word' id='word_1_204' title='bbox 858 3703 973 3768; x_wconf 88' lang='lat' dir='ltr'><strong>tutum,</strong></span> <span class='ocrx_word' id='word_1_205' title='bbox 1009 3693 1191 3773; x_wconf 88' lang='lat' dir='ltr'><strong>honestum,</strong></span> <span class='ocrx_word' id='word_1_206' title='bbox 1226 3697 1313 3777; x_wconf 85' lang='lat' dir='ltr'><strong>utile,</strong></span> <span class='ocrx_word' id='word_1_207' title='bbox 1349 3701 1452 3780; x_wconf 87' lang='lat' dir='ltr'><strong>facile,</strong></span> 
     </span>
     <span class='ocr_line' id='line_1_30' title="bbox 499 3794 1451 3884; baseline 0.003 -22"><span class='ocrx_word' id='word_1_208' title='bbox 499 3801 662 3884; x_wconf 85' lang='lat' dir='ltr'><strong>possibile.</strong></span> <span class='ocrx_word' id='word_1_209' title='bbox 708 3799 759 3860; x_wconf 90' lang='lat' dir='ltr'><strong>Nc</strong></span> <span class='ocrx_word' id='word_1_210' title='bbox 783 3796 835 3860; x_wconf 90' lang='lat' dir='ltr'><strong>cui</strong></span> <span class='ocrx_word' id='word_1_211' title='bbox 858 3794 1010 3858; x_wconf 89' lang='lat' dir='ltr'><strong>fidelitate</strong></span> <span class='ocrx_word' id='word_1_212' title='bbox 1037 3807 1182 3859; x_wconf 87' lang='lat' dir='ltr'><strong>tenemur</strong></span> <span class='ocrx_word' id='word_1_213' title='bbox 1205 3798 1336 3878; x_wconf 87' lang='lat' dir='ltr'><strong>astricti,</strong></span> <span class='ocrx_word' id='word_1_214' title='bbox 1360 3803 1451 3867; x_wconf 92' lang='lat' dir='ltr'><strong>inco·</strong></span> 
     </span>
     <span class='ocr_line' id='line_1_31' title="bbox 498 3897 1451 3987; baseline 0.005 -23"><span class='ocrx_word' id='word_1_215' title='bbox 498 3904 675 3964; x_wconf 74' lang='lat' dir='ltr'><strong>inanitatem</strong></span> <span class='ocrx_word' id='word_1_216' title='bbox 693 3897 848 3960; x_wconf 87' lang='lat' dir='ltr'><strong>laedamus</strong></span> <span class='ocrx_word' id='word_1_217' title='bbox 866 3897 1019 3978; x_wconf 89' lang='lat' dir='ltr'><strong>corporis,</strong></span> <span class='ocrx_word' id='word_1_218' title='bbox 1039 3909 1095 3961; x_wconf 91' lang='lat' dir='ltr'><strong>aut</strong></span> <span class='ocrx_word' id='word_1_219' title='bbox 1117 3900 1311 3965; x_wconf 90' lang='lat' dir='ltr'><strong>munitiones</strong></span> <span class='ocrx_word' id='word_1_220' title='bbox 1334 3905 1451 3987; x_wconf 84' lang='lat' dir='ltr'><strong>quibus</strong></span> 
     </span>
     <span class='ocr_line' id='line_1_32' title="bbox 498 3996 1453 4084; baseline 0.006 -19"><span class='ocrx_word' id='word_1_221' title='bbox 498 4011 585 4065; x_wconf 90' lang='lat' dir='ltr'><strong>tutus</strong></span> <span class='ocrx_word' id='word_1_222' title='bbox 611 4009 660 4060; x_wconf 89' lang='lat' dir='ltr'><strong>cst</strong></span> <span class='ocrx_word' id='word_1_223' title='bbox 681 3996 896 4070; x_wconf 87' lang='lat' dir='ltr'><strong>detrahamus,</strong></span> <span class='ocrx_word' id='word_1_224' title='bbox 916 4009 971 4060; x_wconf 90' lang='lat' dir='ltr'><strong>aut</strong></span> <span class='ocrx_word' id='word_1_225' title='bbox 992 4021 1222 4081; x_wconf 75' lang='lat' dir='ltr'><strong>praesumamus</strong></span> <span class='ocrx_word' id='word_1_226' title='bbox 1244 4006 1453 4084; x_wconf 86' lang='lat' dir='ltr'><strong>committere,</strong></span> 
     </span>
     <span class='ocr_line' id='line_1_33' title="bbox 500 4097 1452 4190; baseline 0.008 -25"><span class='ocrx_word' id='word_1_227' title='bbox 500 4103 585 4165; x_wconf 87' lang='lat' dir='ltr'><strong>undo</strong></span> <span class='ocrx_word' id='word_1_228' title='bbox 600 4101 701 4161; x_wconf 84' lang='lat' dir='ltr'><strong>honor</strong></span> <span class='ocrx_word' id='word_1_229' title='bbox 715 4107 769 4159; x_wconf 89' lang='lat' dir='ltr'><strong>aut</strong></span> <span class='ocrx_word' id='word_1_230' title='bbox 782 4097 868 4160; x_wconf 92' lang='lat' dir='ltr'><strong>illius</strong></span> <span class='ocrx_word' id='word_1_231' title='bbox 882 4098 1002 4162; x_wconf 90' lang='lat' dir='ltr'><strong>utilitas</strong></span> <span class='ocrx_word' id='word_1_232' title='bbox 1025 4102 1198 4165; x_wconf 87' lang='lat' dir='ltr'><strong>minuatur:</strong></span> <span class='ocrx_word' id='word_1_233' title='bbox 1223 4104 1280 4169; x_wconf 90' lang='lat' dir='ltr'><strong>scd</strong></span> <span class='ocrx_word' id='word_1_234' title='bbox 1295 4128 1403 4190; x_wconf 86' lang='lat' dir='ltr'><strong>neque</strong></span> <span class='ocrx_word' id='word_1_235' title='bbox 1417 4106 1452 4172; x_wconf 90' lang='lat' dir='ltr'><strong>id</strong></span> 
     </span>
     <span class='ocr_line' id='line_1_34' title="bbox 500 4197 1452 4291; baseline 0.006 -24"><span class='ocrx_word' id='word_1_236' title='bbox 500 4202 586 4289; x_wconf 86' lang='lat' dir='ltr'><strong>quod</strong></span> <span class='ocrx_word' id='word_1_237' title='bbox 600 4200 693 4264; x_wconf 87' lang='lat' dir='ltr'><strong>facilc</strong></span> <span class='ocrx_word' id='word_1_238' title='bbox 709 4208 769 4272; x_wconf 85' lang='lat' dir='ltr'><strong>est,</strong></span> <span class='ocrx_word' id='word_1_239' title='bbox 781 4197 910 4261; x_wconf 88' lang='lat' dir='ltr'><strong>difficile</strong></span> <span class='ocrx_word' id='word_1_240' title='bbox 925 4200 994 4264; x_wconf 84' lang='lat' dir='ltr'><strong>lieri</strong></span> <span class='ocrx_word' id='word_1_241' title='bbox 1009 4202 1099 4280; x_wconf 90' lang='lat' dir='ltr'><strong>licct;</strong></span> <span class='ocrx_word' id='word_1_242' title='bbox 1122 4213 1177 4268; x_wconf 90' lang='lat' dir='ltr'><strong>aut</strong></span> <span class='ocrx_word' id='word_1_243' title='bbox 1193 4206 1280 4288; x_wconf 90' lang='lat' dir='ltr'><strong>quod</strong></span> <span class='ocrx_word' id='word_1_244' title='bbox 1295 4210 1452 4291; x_wconf 84' lang='lat' dir='ltr'><strong>possibile</strong></span> 
     </span>
     <span class='ocr_line' id='line_1_35' title="bbox 499 4299 1453 4387; baseline 0.005 -18"><span class='ocrx_word' id='word_1_245' title='bbox 499 4315 558 4381; x_wconf 89' lang='lat' dir='ltr'><strong>est,</strong></span> <span class='ocrx_word' id='word_1_246' title='bbox 587 4300 792 4384; x_wconf 84' lang='lat' dir='ltr'><strong>impossibile.</strong></span> <span class='ocrx_word' id='word_1_247' title='bbox 837 4299 994 4364; x_wconf 83' lang='lat' dir='ltr'><strong>Praetcrea</strong></span> <span class='ocrx_word' id='word_1_248' title='bbox 1023 4304 1077 4386; x_wconf 92' lang='lat' dir='ltr'><strong>qui</strong></span> <span class='ocrx_word' id='word_1_249' title='bbox 1107 4306 1299 4372; x_wconf 88' lang='lat' dir='ltr'><strong>beneficium</strong></span> <span class='ocrx_word' id='word_1_250' title='bbox 1330 4311 1372 4372; x_wconf 90' lang='lat' dir='ltr'><strong>ab</strong></span> <span class='ocrx_word' id='word_1_251' title='bbox 1402 4331 1453 4387; x_wconf 87' lang='lat' dir='ltr'><strong>eo,</strong></span> 
     </span>
     <span class='ocr_line' id='line_1_36' title="bbox 501 4400 1450 4490; baseline 0.004 -21"><span class='ocrx_word' id='word_1_252' title='bbox 501 4405 594 4488; x_wconf 89' lang='lat' dir='ltr'><strong>cnjus</strong></span> <span class='ocrx_word' id='word_1_253' title='bbox 618 4400 724 4465; x_wconf 88' lang='lat' dir='ltr'><strong>fidelis</strong></span> <span class='ocrx_word' id='word_1_254' title='bbox 750 4412 808 4480; x_wconf 90' lang='lat' dir='ltr'><strong>cst,</strong></span> <span class='ocrx_word' id='word_1_255' title='bbox 837 4400 990 4483; x_wconf 88' lang='lat' dir='ltr'><strong>possidet,</strong></span> <span class='ocrx_word' id='word_1_256' title='bbox 1019 4403 1167 4483; x_wconf 87' lang='lat' dir='ltr'><strong>gerendis</strong></span> <span class='ocrx_word' id='word_1_257' title='bbox 1196 4406 1265 4490; x_wconf 91' lang='lat' dir='ltr'><strong>ejus</strong></span> <span class='ocrx_word' id='word_1_258' title='bbox 1294 4409 1450 4473; x_wconf 83' lang='lat' dir='ltr'><strong>auxilium</strong></span> 
     </span>
    </p>
   </div>
   <div class='ocr_carea' id='block_1_3' title="bbox 0 0 1961 5467">
    <p class='ocr_par' dir='ltr' id='par_1_3' title="bbox 0 0 1961 5467">
     <span class='ocr_line' id='line_1_37' title="bbox 0 0 1961 5467; baseline 0 0"><span class='ocrx_word' id='word_1_259' title='bbox 0 0 1961 5467; x_wconf 95' lang='lat' dir='ltr'><strong> </strong></span> 
     </span>
    </p>
   </div>
  </div>
 </body>
</html>
