3867 5467
489 767 550 825 170
746 776 881 820 rorums
897 772 1176 820 sanasnsarauus
1280 760 1370 834 [nra.
1389 779 1448 826 vu.

693 932 808 978 astutam
821 926 889 991 gerit
901 923 948 975 sub
960 928 1065 993 pectore
1076 922 1179 994 rulpem
1192 942 1199 985 ;

487 1021 591 1085 Stoico
607 1023 721 1106 quous
735 1019 864 1083 liberior
879 1030 938 1097 est,
954 1019 1076 1081 Catone
1091 1018 1234 1102 rigidior.
1280 1021 1345 1085 Est
1365 1043 1448 1106 quo-

482 1146 545 1209 que
567 1121 728 1186 interdum
754 1120 927 1206 simplicior
944 1118 1044 1184 Paulo
1059 1118 1191 1184 doctore
1213 1122 1377 1202 gentium,
1394 1146 1443 1185 so·

483 1222 609 1299 licinior,
623 1222 795 1285 ferventior
812 1223 929 1292 Petro;
954 1232 985 1283 et
1001 1218 1029 1281 ei
1046 1220 1152 1283 vivere
1169 1220 1324 1285 Christus
1338 1235 1400 1299 est,
1412 1236 1444 1285 et

483 1325 727 1388 morilucrum:
760 1346 817 1387 uec
839 1321 995 1406 gloriatur
1016 1322 1049 1385 in
1072 1322 1193 1407 aliquo,
1208 1323 1268 1386 nisi
1293 1322 1326 1386 in
1350 1347 1443 1389 cruce

486 1426 617 1506 Christi,
634 1448 728 1511 quam
748 1425 872 1511 jugiter
895 1437 1000 1508 portat
1024 1424 1056 1487 in
1079 1445 1225 1510 corpore,
1250 1439 1286 1489 ut
1312 1425 1444 1511 spiritus

486 1528 592 1591 salvus
619 1528 671 1602 sit,
699 1526 829 1591 dissolvi
857 1524 1016 1589 duntaxat
1041 1526 1185 1610 cupiens,
1211 1539 1243 1589 et
1273 1549 1345 1589 esse
1370 1549 1442 1590 cum

487 1631 626 1694 Christo.
673 1628 848 1693 Mortificat
867 1649 943 1711 ergo
958 1650 1083 1691 carnem
1106 1650 1179 1690 cum
1197 1628 1296 1702 vitiis,
1314 1643 1348 1693 et
1369 1652 1443 1694 oon·

485 1730 708 1815 cupiscentiis;
740 1748 771 1793 et
787 1751 848 1792 non
865 1729 948 1792 sicut
965 1730 1072 1793 caeteri
1095 1729 1273 1806 hominum,
1289 1753 1365 1795 cum
1389 1731 1445 1794 ho-

486 1830 625 1895 minibus
639 1831 768 1914 degens,
785 1831 882 1894 vitam
899 1833 966 1914 agit
985 1831 1185 1915 Angelicam,
1200 1846 1233 1896 et
1254 1833 1287 1896 in
1308 1832 1443 1898 coelesti·

485 1934 549 1999 bus
572 1946 787 1999 conversatur.
833 1934 990 2019 Jejunant
1013 1933 1046 1996 hi
1068 1934 1229 2010 continue,
1253 1935 1323 1998 sine
1345 1936 1443 1999 inter-

487 2036 634 2100 missione
655 2048 758 2112 orant‚
773 2034 856 2097 clare
872 2047 990 2113 tamen,
1006 2049 1038 2100 et
1062 2049 1095 2100 ut
1119 2036 1230 2102 audiat
1254 2037 1381 2121 hospes,
1396 2060 1444 2102 as·

487 2137 571 2222 peris
591 2149 623 2200 et
645 2135 781 2200 sordidis
797 2136 938 2201 vestibus
953 2135 1144 2218 induuntur,
1158 2152 1190 2201 et
1213 2142 1373 2223 populum
1396 2139 1443 2203 in·

487 2250 628 2323 crepant.
675 2239 827 2321 Arguunt
855 2236 986 2318 clerum,
1012 2239 1053 2302 de
1078 2239 1222 2304 moribus
1248 2241 1445 2326 corrigendis

487 2339 659 2405 sollicitant
679 2339 875 2426 principatus
891 2353 922 2403 et
946 2352 1132 2426 potestates,
1148 2340 1366 2406 testimonium
1383 2342 1441 2405 sibi

486 2441 685 2527 acquirentes
707 2437 856 2527 justitiae,
878 2444 904 2504 si
930 2442 1005 2506 ritoe
1030 2441 1199 2505 detrahant
1227 2441 1350 2507 alienae.
1396 2444 1443 2509 Ut

488 2566 562 2607 rero
576 2543 666 2608 fraus
681 2543 741 2608 sub
763 2542 936 2607 honestatis
952 2543 1056 2629 specie
1070 2542 1280 2620 convalescat,
1294 2542 1444 2610 laudabi-

487 2646 565 2712 lium
584 2645 721 2711 rirorum
739 2644 871 2730 collegia
891 2660 1060 2731 expetunt,
1075 2645 1191 2709 arduas
1207 2645 1349 2712 subeunt
1371 2669 1443 2732 pro-

487 2750 647 2829 fessiones,
666 2761 826 2813 ostentant
849 2746 1000 2823 difficilia,
1021 2761 1054 2815 et
1077 2746 1265 2812 familiarius
1287 2748 1349 2812 sihi
1373 2771 1443 2834 pro-

488 2852 571 2937 pitii,
587 2852 750 2937 possibilia
765 2863 796 2914 et
817 2872 891 2935 quae
913 2849 1101 2913 humaniora
1124 2861 1210 2928 sunt,
1224 2864 1441 2935 exequuntur.

489 2954 542 3018 Sic
567 2974 643 3035 crgo
670 2951 791 3025 Basilii,
822 2948 1000 3026 Benedicti,
1030 2949 1218 3034 Augustini,
1245 2963 1304 3012 aut
1332 2950 1358 3012 si
1385 2950 1443 3013 hoc

487 3076 601 3140 parum
633 3065 692 3130 est,
718 3052 941 3137 Apostolorum
972 3064 1004 3115 et
1034 3052 1267 3136 Prophetarum
1299 3052 1443 3117 fatentur

489 3176 701 3231 successorcs;
731 3166 833 3217 vestes
857 3150 1144 3227 Cartlrusiensium,
1172 3152 1442 3233 Cistercicnsium,

490 3254 759 3328 Cluniacensium,
776 3254 927 3329 induunt,
941 3269 974 3318 et
997 3254 1054 3340 qui
1070 3254 1244 3338 dignantur
1268 3277 1335 3318 esse
1351 3278 1443 3319 cano-

489 3355 563 3429 nici,
579 3352 757 3436 gloriantur
779 3352 810 3413 in
837 3352 935 3415 laneis
957 3354 1073 3417 tunicis
1093 3366 1124 3418 et
1148 3354 1289 3439 pellibus
1309 3355 1442 3439 agninis.

491 3453 629 3519 Veniunt
645 3451 727 3514 enim
745 3450 775 3513 in
793 3452 986 3516 vestimentis
1000 3453 1119 3532 ovium,
1131 3456 1320 3520 intrinsecus
1335 3468 1441 3520 autern

490 3569 564 3622 sunt
577 3554 644 3640 lupi
661 3576 807 3638 rapaces:
834 3553 901 3631 sed,
914 3570 949 3620 ut
964 3555 1009 3620 ait
1028 3557 1195 3632 Dominus,
1207 3556 1444 3622 evidentissime

488 3672 724 3746 cognoscuntur
744 3657 935 3723 afructibus
951 3658 1028 3721 suis.
1076 3662 1149 3722 Non
1174 3672 1277 3723 tamen
1295 3682 1314 3724 a
1329 3658 1444 3726 fraude

487 3763 632 3838 istorum,
649 3760 808 3846 religionis
825 3782 907 3823 rerae
922 3760 1114 3825 diminuitur
1136 3760 1246 3844 gloria.
1294 3764 1379 3826 Nam
1395 3760 1446 3830 in·

489 3864 676 3929 dubitanter
698 3863 845 3927 omnibus
862 3876 997 3939 constat,
1013 3864 1089 3949 quia
1105 3866 1231 3929 nomina
1246 3887 1322 3949 quae
1347 3864 1445 3950 profl-

490 3977 610 4037 tentur,
627 3977 657 4025 et
675 3984 811 4045 quorum
827 3962 1017 4045 pollicentur
1040 3963 1152 4041 officia,
1167 3962 1389 4029 honestissima
1412 3978 1444 4030 et

492 4061 672 4125 fidelissima
688 4073 773 4122 sunt.
819 4065 903 4125 Nam
920 4062 1031 4145 religio
1046 4063 1076 4126 in
1095 4063 1143 4128 his
1167 4064 1247 4128 adeo
1263 4087 1348 4145 vera,
1364 4065 1447 4129 adeo

490 4162 625 4248 probata
650 4159 805 4235 consistit,
834 4176 869 4226 ut
897 4162 1015 4228 nullius
1041 4166 1293 4250 reprehensionis
1319 4166 1449 4231 aculeos

491 4261 684 4326 reformidet.
731 4260 894 4346 Siquidem
919 4264 1172 4343 Carthasicnses,
1188 4267 1280 4353 quasi
1303 4268 1448 4334 avaritia)

491 4361 749 4447 triumphatores,
770 4363 922 4449 praecipui
949 4365 1069 4451 ubique
1091 4367 1278 4434 clarescunt.
1326 4369 1453 4436 Cister-
