3867 5467
483 751 503 808 ‘2
729 775 863 824 totunm
880 783 1164 838 sarrenaeruensrs
1303 783 1391 863 [tm.
1408 804 1457 849 vr.

485 920 567 1002 litui,
583 935 615 990 et
635 948 729 992 omne
752 949 853 1008 genus
875 937 1084 1017 musicorum,
1102 946 1217 1011 laudes
1239 950 1311 1033 ejus
1330 955 1456 1034 pariter

486 1024 519 1090 in
536 1045 631 1092 unum
647 1029 904 1112 conclamabunt,
919 1057 979 1119 ego
996 1041 1043 1103 rir
1057 1045 1206 1125 plebeius
1226 1061 1259 1113 et
1280 1052 1453 1132 indoctus,

490 1123 549 1186 mci
566 1125 721 1191 riutilibua
744 1132 904 1211 praeconia
926 1136 995 1216 ejus
1020 1139 1129 1206 fistula
1151 1149 1300 1212 stridenti
1324 1151 1453 1236 disper·

488 1221 573 1286 titur.
629 1227 711 1290 Nam
739 1226 811 1308 quis
835 1249 854 1292 a
879 1233 1087 1317 semipagano
1122 1243 1235 1308 tibiam
1261 1248 1454 1314 aurichalco

481 1325 639 1410 junctum,
649 1338 681 1389 et
694 1328 837 1390 aemulum
850 1332 934 1395 tubae
945 1336 1127 1416 grandioris
1139 1349 1317 1427 expectet?
1339 1349 1452 1414 Adero

488 1435 606 1500 tamem
617 1436 649 1489 ot
658 1447 706 1490 mo
719 1426 815 1490 tantis
826 1429 989 1495 solemniis
999 1435 1163 1518 iugeram3
1179 1457 1212 1506 et
1222 1447 1310 1529 quod
1322 1448 1451 1528 ingenii

489 1547 568 1592 certa
582 1528 748 1600 subtrabit,
764 1526 944 1596 devotionis
960 1538 1055 1620 copia
1070 1544 1245 1625 supplebit.

597 1656 666 1712 llum
675 1659 741 1732 lupa
752 1661 846 1713 montis
858 1679 928 1734 aper,
941 1664 1034 1721 flur-ios
1045 1669 1107 1723 dum
1119 1675 1198 1744 piscis
1209 1677 1318 1741 amabit,

594 1741 713 1814 llumquu
725 1743 813 1814 thymo
825 1755 961 1817 pascentur
973 1769 1045 1822 apes,
1058 1756 1120 1809 dum
1133 1777 1191 1813 rore
1203 1763 1309 1828 cicade,

593 1825 697 1900 Surripui
710 1827 799 1892 bonor,
810 1848 955 1903 nomenque
967 1841 1050 1902 tuum,
1062 1837 1206 1913 laudesque
1218 1847 1370 1903 manebunt.

489 1949 585 2022 Qtrnd
602 1950 627 2013 ri
644 1949 742 2016 ‹luccs
765 1951 796 2014 iu
820 1952 967 2038 injuriam
984 1980 1074 2024 suam
1095 1964 1219 2048 aliquid
1243 1967 1366 2032 dictum
1382 1992 1446 2053 pu·

492 2051 762 2128 centumcentur
784 2074 803 2116 a
823 2056 981 2141 principe,
1005 2064 1083 2144 quia
1104 2085 1171 2127 uon
1196 2067 1230 2130 in
1254 2070 1448 2150 perniciem,

489 2153 546 2218 aed
570 2155 701 2220 mlutntn
729 2159 947 2236 [agrotantium
972 2165 1183 2247 propinantur
1203 2191 1318 2234 amerre
1341 2173 1446 2237 medi·

490 2256 581 2320 cinau.
628 2257 690 2321 iliu
705 2258 887 2343 premissis,
903 2260 944 2324 ad
959 2262 1081 2347 reliqua
1096 2270 1317 2350 progrediatur
1331 2273 1446 2337 oratio.

492 2477 573 2564 Cap.
594 2480 620 2542 l.
648 2479 741 2548 Quod
754 2499 869 2542 ruentes
884 2480 1070 2563 reipublice
1084 2494 1146 2547 aut
1160 2496 1293 2553 armata
1308 2499 1368 2569 ert,
1383 2503 1447 2556 aut

554 2582 704 2654 incrrrrir,·
729 2588 760 2644 ct
776 2601 846 2665 ques
861 2583 904 2644 tit
918 2583 1063 2662 inennia,
1078 2586 1165 2649 etde
1180 2588 1283 2674 officio
1298 2593 1377 2677 ejas.

540 2725 663 2790 Marwa
681 2725 788 2810 itaque
803 2721 1003 2807 Reipublicae
1019 2738 1075 2789 aut
1090 2738 1211 2792 armata
1223 2743 1282 2810 est,
1292 2743 1348 2797 aut
1359 2735 1445 2798 iuer·

490 2828 560 2894 mia.
606 2829 734 2892 Arurata
750 2821 879 2910 quidem
900 2836 959 2899 est,
977 2847 1048 2910 qnae
1064 2839 1259 2894 castrensem
1281 2844 1315 2894 et
1329 2854 1444 2897 cruen-

489 2940 554 2994 tam
564 2935 692 2990 exercet
701 2924 859 2990 militium·
892 2925 1120 3011 lnermis,quae
1126 2928 1284 3011 justitiam
1297 2934 1446 3013 expedit,

490 3039 523 3094 et
535 3029 575 3094 tb
591 3027 687 3092 armis
698 3024 841 3090 sariendo
851 3023 934 3107 juris
949 3026 1071 3091 militie
1086 3029 1191 3093 servit.
1229 3030 1345 3114 Neque
1357 3033 1446 3097 enim

491 3128 677 3216 reipublicae
693 3125 831 3192 militant
846 3125 904 3188 soli
925 3126 983 3202 illi,
999 3128 1054 3210 qui
1075 3129 1175 3210 galeis
1196 3130 1445 3218 thoracibusque

493 3231 617 3305 muniti,
632 3229 666 3294 iu
682 3228 789 3292 hortea
812 3239 965 3292 exercent
980 3228 1112 3309 gladios,
1129 3243 1184 3293 aut
1204 3232 1267 3296 tela
1282 3234 1447 3316 quelibet,

493 3333 550 3398 sed
571 3344 603 3396 ct
625 3328 750 3414 patroni
772 3349 949 3404 catinarum,
972 3329 1027 3412 qui
1048 3330 1195 3410 gloriosae
1218 3333 1306 3396 rucis
1327 3334 1447 3404 confisi

492 3431 777 3511 munimine‚lapra
791 3430 928 3512 erigunt,
939 3429 1070 3510 fatigata
1081 3443 1243 3513 reparaut3
1266 3455 1326 3497 nec
1338 3436 1446 3499 minua

491 3534 658 3624 provident
669 3532 809 3600 hnmano
824 3532 944 3612 generi,
954 3552 1051 3614 quam
1067 3532 1093 3595 si
1109 3533 1323 3598 laborantium
1336 3536 1446 3619 vitam,

493 3659 594 3724 apem,
621 3641 841 3720 posterosque,
864 3651 1020 3695 armorum
1049 3632 1200 3715 presidio
1228 3635 1269 3698 ab
1295 3635 1445 3702 hostibus

494 3748 664 3805 tuerentur.
723 3732 867 3798 Militant
896 3744 928 3795 et
966 3733 1142 3814 publicani,
1173 3735 1381 3818 apparitores,
1412 3748 1445 3803 et

494 3842 648 3903 officiales
679 3835 820 3899 omnium
844 3832 1002 3917 judicum.
1051 3835 1141 3897 Sicut
1170 3835 1256 3898 enim
1286 3838 1348 3899 alia
1372 3849 1447 3904 sunt

495 3942 601 4003 officie
623 3936 724 4019 pecie,
748 3936 810 3999 alia
835 3935 923 4009 belli,
947 3936 992 3997 ita
1017 3934 1127 4000 eadem
1154 3957 1288 4002 necesse
1315 3950 1364 4001 est
1388 3960 1446 4020 per

494 4040 574 4103 alios
600 4048 632 4102 et
655 4036 734 4099 alios
764 4035 918 4119 expediri.
978 4038 1109 4099 Armate
1138 4037 1245 4119 itaque
1275 4059 1388 4102 manus
1411 4041 1445 4104 in

493 4142 619 4203 hostem
639 4136 795 4201 duntaxat
817 4149 995 4211 exercetur,
1012 4149 1044 4198 at
1065 4137 1192 4199 inermis
1212 4138 1395 4201 extenditur
1414 4153 1447 4203 et

493 4242 527 4305 in
543 4240 656 4303 cirem.
702 4236 800 4300 Porro
817 4237 979 4321 utriusque
1001 4238 1181 4302 necessaria
1200 4252 1249 4300 est
1265 4239 1447 4323 disciplina,

494 4337 1056 4424 quiautriusqnesoletinsignisesee
1067 4339 1199 4401 malitia.
1225 4340 1446 4423 Ususqnoque
