3867 5467
582 780 646 838 960
818 784 954 832 maurus
970 784 1252 829 saausuaamnsrs
1377 767 1465 847 [aru.
1481 788 1556 833 vua.

585 944 685 1007 tiones
704 961 815 1002 rursus
835 935 1043 1022 capessendas
1064 934 1131 998 fieri
1150 936 1335 1011 habiliores,
1351 951 1387 1003 et
1408 938 1508 1002 simul
1528 940 1551 1002 si

585 1043 641 1128 qui
653 1042 782 1127 penitus
796 1043 828 1103 in
844 1038 893 1102 bis
908 1038 1112 1101 affectionum
1125 1037 1414 1125 cupiditatumque
1429 1064 1552 1104 errores

585 1145 732 1220 inessent,
749 1164 827 1227 quos
847 1140 964 1203 celaret
984 1137 1061 1202 alios
1082 1139 1188 1225 pudor
1209 1162 1370 1220 reverens,
1386 1165 1430 1205 ea
1444 1143 1550 1205 omnia

585 1247 652 1309 sine
667 1244 756 1328 gravi
772 1241 917 1328 periculo
932 1241 1078 1306 libertate
1094 1264 1151 1327 per
1166 1242 1277 1304 vinum
1292 1240 1373 1306 data
1387 1243 1548 1328 detegi‚et

586 1347 627 1410 ad
658 1344 880 1429 corrigendum
911 1342 1169 1428 medendumque
1198 1343 1266 1406 fieri
1302 1349 1544 1429 opportuniora.

588 1452 700 1533 Atque
715 1447 774 1510 hoc
790 1446 883 1510 Plato
898 1444 1014 1509 ibidem
1032 1444 1124 1508 dicit:
1154 1449 1227 1509 Non
1243 1444 1467 1528 diffugiendas
1482 1470 1545 1510 esse

587 1543 809 1630 hujuscemodi
832 1540 1073 1604 exercitationes
1095 1541 1247 1604 adversus
1270 1541 1337 1605 viui
1364 1543 1544 1609 violentiam

587 1644 849 1731 propulsandam.
894 1647 1008 1728 Neque
1033 1643 1134 1707 ullum
1159 1666 1300 1727 unquam
1327 1649 1542 1711 continentem

587 1768 727 1832 prorsus,
748 1758 804 1808 aut
825 1756 1051 1829 temperantem
1078 1747 1155 1807 satis
1180 1744 1318 1809 fideliter
1338 1745 1446 1810 visum
1467 1771 1542 1822 esse,

585 1849 636 1912 cui
660 1847 726 1911 vita
748 1869 808 1910 non
832 1846 914 1909 inter
936 1845 1007 1930 ipsa
1029 1868 1169 1909 errorum
1193 1846 1345 1931 pericula,
1369 1860 1403 1912 et
1426 1848 1458 1912 in
1482 1873 1542 1913 me-

586 1950 648 2013 diis
678 1948 877 2033 voluptatum
909 1947 1065 2011 illecebris
1086 1949 1252 2034 explorata
1278 1951 1327 2013 sit.
1379 1954 1464 2015 Nam
1490 1953 1539 2016 cui

586 2050 721 2126 licentia,
759 2050 937 2133 gratiaeque
970 2072 1078 2113 omnes
1116 2049 1330 2114 conviviorum
1369 2055 1540 2139 incognita

587 2164 673 2225 sunt,
703 2149 824 2235 quique
861 2150 987 2212 illarum
1023 2152 1152 2214 omnino
1183 2171 1298 2236 expers
1327 2154 1383 2228 sit,
1412 2157 1437 2218 si
1471 2177 1540 2219 eum

586 2253 669 2317 sorte
705 2252 745 2315 ad
783 2251 1020 2338 participandas
1055 2252 1239 2336 hujusmodi
1270 2236 1453 2341 ioluptates
1487 2270 1541 2320 aut

588 2356 736 2420 voluntas
760 2354 880 2432 tulerit,
905 2367 960 2417 aut
985 2377 1077 2416 casus
1100 2353 1274 2432 induxerit,
1294 2368 1352 2419 aut
1375 2357 1542 2420 necessitas

587 2457 762 2543 impulerit,
781 2480 855 2519 mox
878 2454 1015 2531 deliniri,
1031 2470 1063 2518 et
1085 2455 1167 2540 capi,
1187 2479 1291 2542 neque
1313 2471 1448 2522 urentem
1471 2459 1542 2543 ejus

587 2560 793 2642 animumque
822 2559 1002 2621 consistere.
1055 2557 1335 2641 Congrediendum
1369 2561 1482 2643 igitur,
1511 2576 1542 2626 et

586 2674 740 2746 tauquam
770 2659 802 2721 in
832 2658 897 2721 acie
932 2656 1072 2742 quadam
1107 2681 1179 2720 cum
1210 2658 1403 2745 voluptariis
1437 2663 1541 2740 rebus,

587 2784 756 2849 quumque
777 2761 839 2824 ista
853 2759 918 2822 viui
941 2758 1066 2822 licentia
1084 2759 1226 2823 cuminus
1245 2759 1492 2844 decernendum,
1506 2778 1541 2827 ut

587 2862 740 2924 adversus
762 2883 815 2923 eos
837 2882 898 2922 non
922 2859 1012 2942 fuga,
1033 2880 1090 2921 uec
1112 2860 1254 2924 absentia
1276 2862 1377 2926 simus
1397 2864 1473 2940 tuti,
1487 2863 1540 2927 sed

588 2963 696 3047 vigore
724 2961 821 3025 animi
851 2974 883 3023 et
913 2960 1069 3024 constanti
1103 2962 1281 3045 praesentia,
1312 2964 1539 3051 moderatoque

588 3087 648 3127 usu
667 3061 906 3146 temperantiam
928 3061 1219 3146 continentiamque
1239 3076 1400 3139 tueamur,
1415 3077 1448 3129 et
1463 3066 1540 3129 cale-

586 3166 672 3227 facto
687 3162 780 3225 simul
798 3163 980 3246 refectoque
995 3160 1110 3239 animo,
1121 3161 1146 3224 si
1161 3162 1239 3247 quid
1256 3164 1287 3226 in
1303 3165 1402 3228 eovel
1417 3167 1540 3253 frigidae

587 3262 737 3336 tristitia,
760 3262 811 3324 vel
835 3262 991 3346 torpentis
1011 3261 1208 3326 verecundiae
1230 3263 1339 3343 fuerit,
1361 3265 1538 3330 abluamus.

588 3362 712 3427 Poterit
741 3362 914 3425 auctoritas
944 3362 1088 3427 Platonis
1117 3386 1243 3427 movere
1271 3365 1461 3451 complures,
1485 3367 1537 3432 sed

585 3461 664 3528 mihi
680 3461 772 3525 nimis
787 3460 918 3537 arduuS,
933 3474 965 3525 et
982 3463 1167 3527 temerarius
1186 3464 1415 3530 infirmioribus
1429 3470 1539 3532 animis

585 3566 724 3646 videtur,
746 3586 817 3627 curn
843 3562 979 3639 Baccho,
1004 3564 1067 3627 imo
1089 3579 1120 3629 et
1143 3589 1215 3629 cum
1239 3566 1353 3650 quavis
1376 3569 1538 3655 voluptate

585 3691 783 3757 congressus,
830 3667 863 3730 Si
891 3666 976 3731 Loth
1004 3668 1050 3729 vir
1072 3668 1194 3753 justus,
1217 3681 1249 3733 et
1273 3668 1392 3753 dignus
1417 3673 1475 3757 qui
1500 3671 1538 3735 de

586 3775 798 3839 Sodomorum
821 3772 997 3856 eriperetur
1020 3770 1176 3846 incendio,
1198 3770 1379 3858 impellente
1400 3774 1464 3837 vini
1486 3777 1538 3838 sti-

585 3874 673 3936 mulo
687 3874 807 3936 corruit
827 3874 859 3934 in
881 3873 1053 3937 incestum:
1081 3873 1112 3936 Si
1132 3873 1201 3936 Noe
1216 3873 1338 3936 femora
1351 3874 1537 3952 denudavit,

585 3973 648 4036 fide
673 3986 704 4034 et
736 3974 966 4056 perseverantia
993 3974 1065 4037 boni
1090 3975 1274 4038 subtractus
1299 3975 1434 4057 diluvio,
1457 3977 1537 4042 alter

586 4072 716 4136 humaui
740 4073 865 4155 generis
895 4089 986 4158 pater
1013 4091 1045 4139 et
1071 4076 1183 4140 salutis
1212 4077 1333 4162 opifex,
1364 4079 1440 4164 quis
1468 4091 1538 4144 tuto

584 4174 801 4260 congreditur,
816 4173 873 4235 nisi
896 4175 979 4238 forte
995 4178 1134 4262 seipsum
1161 4178 1256 4241 tantis
1277 4178 1372 4244 ducat
1394 4180 1538 4266 patribus

581 4275 839 4361 praeferendum?
879 4278 925 4339 Ut
950 4291 1054 4341 tamen
1083 4279 1224 4345 Platonis
1254 4302 1316 4342 non
1343 4283 1537 4345 reluctemur

582 4379 697 4452 edicto,
709 4376 858 4460 congredi
872 4400 944 4440 curn
957 4380 1122 4466 voluptate
1138 4387 1178 4447 sit
1195 4382 1322 4458 fortius,
1335 4382 1414 4447 dum
1432 4397 1538 4449 tamen
