3867 5467
490 737 532 795 90
739 749 875 795 rorunrs
890 747 1170 794 mansnnmmsrs
1288 731 1375 813 [us.
1390 751 1448 798 vu.

491 921 589 984 quum
610 900 757 966 discendi
779 900 930 965 aviditate
951 901 1094 983 gnaviter
1115 921 1290 965 accensum
1313 901 1448 968 vidisset

488 1001 664 1074 bominem,
690 1003 805 1066 librum
833 1002 978 1084 Epicteti
1003 1001 1106 1066 Stoici
1133 1001 1174 1065 de
1200 1002 1344 1067 mantica
1372 1026 1445 1088 pro-

487 1100 571 1177 tulit,
599 1101 634 1163 in
664 1123 729 1186 quo
766 1103 885 1184 scripta
921 1111 1011 1165 erant
1040 1122 1089 1179 ea,
1118 1122 1190 1185 quar
1223 1105 1447 1184 congruebant

487 1201 627 1265 decretis
653 1202 794 1267 Zenonis
820 1214 852 1266 et
874 1203 1061 1287 Chrysippi,
1084 1203 1141 1286 qui
1166 1202 1320 1268 dicuntur
1346 1205 1444 1269 fuisse

487 1303 651 1388 principes
666 1305 856 1369 Stoicorum.
895 1305 1003 1377 Quum
1019 1325 1096 1385 ergo
1110 1304 1229 1368 librum
1243 1304 1279 1367 in
1295 1307 1445 1370 manibus

465 1490 469 1498 Ι
487 1407 589 1471 Aulus
603 1408 729 1473 Gellius
743 1408 906 1484 tenuisset,
921 1407 1043 1471 invenit
1058 1404 1175 1471 Stoicis
1189 1407 1363 1491 placuisse,
1378 1430 1442 1472 nou

487 1530 558 1574 esse
580 1510 613 1573 in
637 1521 793 1594 potestate
820 1509 971 1587 hominis,
993 1522 1029 1571 ut
1053 1508 1132 1582 visa,
1155 1530 1227 1593 quar
1253 1509 1443 1591 phantasias

489 1612 664 1695 appellant,
677 1611 712 1674 in
734 1612 876 1675 animum
891 1609 1031 1687 veniant,
1046 1622 1101 1674 aut
1115 1608 1281 1689 recedant,
1295 1620 1329 1674 et
1344 1633 1442 1696 quum

488 1712 633 1775 venerint
657 1733 699 1775 ex
726 1713 922 1776 terribilibus
947 1713 1054 1791 rebus,
1076 1723 1132 1777 aut
1158 1722 1282 1790 contra,
1305 1733 1442 1778 necesse

486 1823 633 1876 asserunt
645 1814 765 1877 moveri
779 1813 922 1878 animum
936 1814 1033 1878 etiam
1048 1812 1214 1896 sapientis,
1227 1826 1264 1876 ut
1278 1815 1442 1899 paulisper

487 1923 575 1976 metu
596 1912 743 1997 trepidet,
764 1913 891 1977 tristitia
913 1914 1127 1991 contrabatur,
1148 1912 1297 1977 dilatetur
1317 1914 1441 1993 laetitia,

487 2013 719 2097 cupiditatibus
752 2028 926 2093 moveatur,
955 2027 1119 2100 tamquam
1147 2015 1200 2077 his
1233 2013 1441 2097 passionibus

485 2115 754 2198 praevenientibus
768 2116 899 2179 rationis
913 2125 946 2180 ct
958 2116 1077 2179 mentis
1090 2114 1243 2192 officium,
1255 2134 1316 2177 nec
1333 2124 1440 2179 tamen

484 2213 560 2279 ideo
576 2217 808 2280 conscientiam
829 2218 905 2280 mali
926 2217 958 2281 in
982 2226 1087 2280 mente
1102 2215 1229 2289 versari,
1244 2236 1305 2278 nec
1322 2235 1439 2299 appro-

485 2313 553 2380 bari
566 2317 639 2396 ista,
654 2329 709 2381 aut
723 2318 771 2380 eis
786 2317 924 2400 aliquem
939 2316 1097 2396 indulgeri
1114 2336 1320 2380 consensum.
1360 2316 1436 2380 Hoc

485 2417 571 2482 enim
591 2439 658 2481 esse
679 2418 790 2480 volunt
809 2418 843 2479 in
865 2425 1045 2499 potestate:
1069 2416 1166 2499 idque
1186 2415 1341 2480 interesse
1361 2437 1438 2480 cen·
1527 2421 1531 2430 '

485 2525 557 2581 sent
577 2517 661 2579 inter
682 2516 825 2579 animum
848 2514 1015 2599 sapientis,
1036 2527 1070 2580 et
1092 2515 1189 2594 stulti,
1211 2515 1297 2599 qnod
1320 2519 1436 2582 stultus

484 2639 645 2682 consensu
670 2618 785 2681 mentis
815 2615 1020 2701 passionibus
1046 2615 1143 2692 cedit,
1165 2617 1295 2699 sapiens
1317 2631 1437 2698 autem,

483 2720 559 2784 licet
580 2741 634 2784 eas
655 2720 849 2784 necessitate
880 2716 1030 2801 patiatur,
1051 2717 1166 2780 retinet
1191 2729 1301 2781 tamen
1322 2714 1366 2783 de
1388 2741 1434 2784 ra·

484 2822 677 2885 tionabiliter
691 2819 880 2904 appetendis
896 2820 945 2881 rel
959 2817 1134 2900 fugiendis,
1144 2838 1248 2881 veram
1263 2829 1297 2883 et
1311 2818 1434 2884 firmam

482 2923 675 2985 inconcussa
710 2931 817 2983 mente
853 2920 1053 2983 sententiam.
1111 2920 1193 2983 Haec
1223 2920 1359 3004 quidem
1389 2923 1436 2986 illi

482 3033 612 3086 auctore
635 3024 672 3083 A.
697 3020 816 3094 Gellio,
839 3029 873 3083 et
900 3042 957 3105 pro
988 3031 1078 3105 parte
1108 3022 1271 3104 eleganter
1296 3033 1330 3088 et
1352 3045 1434 3088 vere.

483 3123 600 3186 Errant
615 3132 735 3199 tamen,
749 3121 776 3184 si
796 3121 927 3185 istarum
949 3124 1231 3206 passionumque
1247 3126 1436 3189 necessaria

483 3234 568 3300 sunt,
596 3222 826 3305 repressionem
856 3232 889 3287 et
919 3223 1163 3306 castigationem
1192 3223 1272 3288 citra
1302 3225 1436 3307 gratiam

426 3383 429 3388 .
482 3323 603 3386 viribus
633 3323 700 3387 suis
729 3323 928 3400 adscribunt,
950 3347 990 3389 eo
1013 3325 1100 3410 quod
1126 3325 1226 3389 solius
1254 3322 1436 3392 miserentis

482 3424 547 3487 Dei
568 3434 627 3502 est,
649 3444 712 3488 non
734 3426 844 3511 utique
866 3427 1023 3491 currentis
1046 3427 1186 3490 hominis
1208 3438 1264 3492 aut
1285 3428 1435 3506 volentis,

481 3537 518 3589 ut
538 3525 589 3589 bae
611 3526 645 3589 in
667 3547 761 3590 usum
781 3527 915 3613 justitie
939 3538 1175 3593 convertantur.
1229 3529 1306 3594 Hoc
1328 3541 1435 3594 autem

480 3628 619 3693 sufficiat
648 3628 877 3705 demonstrare,
909 3628 997 3712 quod
1034 3629 1144 3693 timore
1178 3629 1337 3695 modestia
1370 3631 1435 3695 dis·

480 3742 642 3814 pensatur,
664 3741 698 3795 et
720 3729 970 3815 philosophandi
1000 3729 1105 3813 prima
1133 3731 1284 3795 sternitur
1308 3744 1342 3796 et
1367 3732 1434 3796 dis·

480 3833 607 3912 ponitur
632 3833 692 3896 via.
745 3831 912 3915 Siquidem
937 3831 1094 3913 scriptum
1119 3839 1178 3909 est,
1200 3832 1276 3917 quia
1305 3832 1432 3897 initium

481 3931 655 4014 sapientias,
669 3943 702 3995 et
717 3932 790 3995 {irus
806 3931 983 4007 modestiae,
1003 3934 1097 3997 timor
1112 3933 1186 3996 Dei.
