3867 5467
477 781 541 840 394
742 788 882 834 massus
898 788 1177 834 sanasnmunasrs
1278 771 1367 852 [ara.
1385 790 1451 835 un.

477 944 619 1018 lantiam,
643 941 819 1015 libidinem,
851 940 1025 1015 luxuriam,
1056 939 1241 1017 avaritiam,
1274 940 1445 1006 crudelita-

479 1062 607 1131 temque
619 1044 734 1107 scelere
745 1043 861 1128 quovis
874 1042 1026 1106 exercuit.
1055 1044 1156 1107 Teste
1167 1067 1316 1131 namque
1326 1046 1444 1119 Oresio,

480 1148 617 1232 percitus
643 1144 832 1232 petulantia,
857 1144 963 1208 omnia
990 1167 1081 1229 paene
1110 1145 1220 1209 Italiae
1251 1161 1284 1211 et
1315 1146 1442 1211 Graeciae

482 1251 607 1313 theatra
638 1247 845 1334 perlustraner,
874 1261 1039 1334 assumpto
1069 1247 1164 1309 etiam
1198 1248 1282 1311 varii
1316 1247 1441 1311 vestitus

481 1351 648 1426 dedecore,
665 1350 812 1436 Cerycas,
826 1348 860 1413 id
884 1362 944 1424 est,
960 1349 1145 1423 cornicines,
1161 1348 1363 1425 citharistas,
1384 1365 1440 1412 tra-

483 1454 606 1539 goedos,
626 1466 657 1516 et
681 1456 820 1535 aurigas,
843 1473 926 1537 soepe
951 1450 1037 1514 visus
1060 1463 1107 1513 est
1130 1470 1314 1535 superasse.
1363 1448 1439 1514 Libi-

484 1556 612 1620 diuibus
634 1577 763 1640 quoque
786 1556 882 1617 tantis
905 1555 1088 1635 exagitatus
1110 1566 1170 1631 cst,
1187 1566 1226 1616 ut
1250 1575 1290 1616 ne
1313 1576 1333 1615 a
1348 1569 1439 1617 matre

484 1658 626 1744 quidem,
643 1655 691 1718 vel
708 1679 822 1729 sorore,
840 1653 944 1717 ullave
965 1654 1255 1737 consanguinitatis
1270 1658 1440 1719 reverentia

485 1760 676 1824 abstinuisse
692 1758 866 1830 reseratum
897 1757 999 1819 viram
1022 1756 1053 1818 in
1071 1779 1203 1821 uxorem
1221 1756 1365 1840 duxerit,
1380 1762 1441 1843 ipse

485 1886 504 1925 a
520 1863 589 1926 viro
605 1875 641 1926 ut
658 1883 739 1924 uxor
756 1872 905 1945 acceptus
927 1858 977 1923 sit.
1022 1858 1177 1922 Luxuriae
1197 1873 1264 1923 tam
1282 1859 1437 1925 effrenata

483 1964 558 2038 suit,
590 1979 624 2027 nt
656 1962 778 2025 retibus
809 1962 913 2025 aureis
942 1959 1130 2045 piscaretur,
1160 1984 1238 2046 quae
1275 1962 1439 2049 purpureis

483 2064 614 2129 funibus
643 2062 915 2136 extrahebantur3
955 2062 1081 2147 frigidis
1109 2076 1141 2126 et
1181 2064 1297 2128 calidis
1327 2064 1438 2127 lavaret

484 2163 672 2248 unguentis:
706 2161 824 2224 nullam
853 2175 974 2225 vestem
1001 2162 1050 2225 bis
1074 2162 1190 2238 induit,
1218 2186 1276 2228 nec
1302 2187 1437 2249 nuquam

484 2265 588 2328 minus
603 2263 688 2328 mille
700 2263 838 2327 carrucis
852 2263 1024 2326 confecisse
1036 2263 1177 2327 traditur
1190 2264 1261 2329 iter.
1295 2267 1438 2351 Denique

485 2366 574 2430 urbis
598 2367 711 2429 Romae
726 2365 906 2429 incendium
931 2364 1106 2450 voluptatis
1131 2387 1199 2428 suae
1225 2366 1436 2452 spectaculum

485 2469 571 2545 fecit,
585 2491 641 2552 per
656 2491 708 2531 sex
726 2466 793 2531 dies
809 2484 995 2551 septemque
1010 2479 1119 2530 noctes
1134 2466 1253 2531 ardeus
1268 2468 1378 2532 civitas
1393 2491 1438 2532 re·

485 2572 554 2657 gius
575 2574 663 2657 pavit
684 2583 839 2655 aspectus.
880 2568 1003 2633 Horrea
1025 2569 1151 2654 quadro
1176 2583 1303 2635 structa
1327 2570 1437 2657 lapide,

485 2670 1438 2759 magnaequeillaereteruminsuloe‚quasdiscurreusflamma

485 2776 573 2840 adire
588 2798 649 2838 non
673 2788 808 2861 poterat,
827 2773 949 2858 magnis
972 2772 1124 2836 machinis
1147 2774 1312 2859 quondam
1329 2776 1369 2839 ad
1389 2798 1441 2839 ex-

485 2891 575 2942 terna
596 2876 678 2940 bella
701 2875 898 2961 praeparatis,
922 2875 1087 2938 labefactae
1110 2887 1207 2961 atque
1236 2875 1437 2942 inflammatae

485 2994 570 3054 sunt,
595 2979 635 3043 ad
667 2978 837 3064 adytorum
870 2976 1056 3056 mansiones,
1081 2976 1316 3064 bustorumque
1343 2978 1441 3043 diaer-

486 3081 579 3156 soria,
591 3079 707 3143 infelici
720 3080 813 3165 plebe
825 3078 998 3163 compulsa.
1039 3078 1134 3153 Quod
1152 3081 1219 3165 ipse
1237 3103 1277 3143 ex
1293 3080 1441 3145 altissima

484 3181 714 3245 Maecenatiana
727 3196 815 3245 turre
831 3193 1049 3267 prospectans,
1064 3179 1223 3266 laetusque
1241 3185 1390 3260 flammae,
1405 3197 1438 3246 ut

483 3281 598 3358 aiebat,
613 3282 863 3365 pulchritudine,
881 3283 1002 3367 tragico
1026 3282 1138 3346 habitu
1161 3281 1327 3347 heliofeles
1349 3284 1440 3349 odam

484 3394 573 3444 sonat
604 3380 813 3444 sacerdotales
844 3383 982 3468 hymnos
1011 3383 1159 3459 civitatis,
1191 3388 1224 3448 in
1266 3408 1332 3470 qua
1363 3385 1440 3449 Solis

484 3482 633 3571 splendor
657 3481 783 3561 colitur,
809 3482 1011 3550 decantabat.
1057 3486 1213 3550 Avaritiae
1240 3503 1352 3552 auteur
1379 3502 1440 3552 tam

486 3600 657 3674 praerupta>
672 3584 791 3665 extitit,
809 3602 844 3650 ut
860 3600 932 3673 post
953 3586 1013 3650 hoc
1028 3586 1209 3652 incendium
1228 3589 1329 3666 urbis,
1346 3612 1438 3676 quam

485 3714 517 3753 se
541 3693 711 3775 Airgustus
731 3710 770 3751 ex
791 3687 930 3751 lateritia
950 3709 1157 3750 marmoream
1182 3687 1359 3751 reddidisse
1376 3690 1441 3774 jac-

486 3805 619 3867 taverat,
641 3789 797 3853 neminem
822 3791 863 3853 ad
887 3788 1037 3873 reliquias
1060 3810 1165 3851 rerum
1196 3812 1327 3853 suarum
1356 3790 1440 3853 adire

484 3892 670 3977 permiserit.
716 3893 842 3956 Cuncta
864 3914 937 3976 quie
959 3889 1096 3953 flaturuae
1118 3913 1249 3977 quoque
1273 3890 1368 3954 modo
1389 3913 1439 3955 su·

484 3992 680 4078 perfuerunt,
704 3992 771 4077 ipse
793 3993 944 4057 abstulit:
971 3993 1087 4057 centies
1110 4006 1243 4056 centena
1260 3992 1356 4056 millia
1379 4016 1441 4055 ses-

484 4093 612 4158 tertium
629 4114 734 4157 annua
749 4116 767 4155 a
782 4109 892 4159 senatu
917 4096 1054 4159 conferri
1073 4094 1133 4158 sibi
1157 4095 1346 4182 imperavit:
1370 4094 1444 4180 plu·

484 4199 580 4262 rimus
597 4197 793 4269 Senatorum,
810 4196 896 4259 nulla
912 4212 1041 4262 extante
1056 4219 1163 4275 causa,
1178 4197 1270 4261 bonis
1283 4196 1438 4283 privavit:

484 4303 717 4381 negotiatorum
733 4297 874 4362 omnium
891 4304 951 4362 sah
971 4322 1033 4363 una
1048 4298 1110 4377 die,
1127 4300 1297 4363 tomaentis
1312 4321 1443 4385 quoque

482 4399 645 4476 adhibitis,
661 4422 785 4464 omnem
807 4399 934 4486 penitas
955 4423 1084 4464 censum
1106 4399 1272 4464 abstorsit.
1320 4399 1446 4464 Crude-
