3867 5467
481 765 522 824 54
739 775 875 822 maurus
891 773 1175 822 saansanmsrsrs
1294 759 1390 841 [ara.
1410 782 1457 827 rr.

557 926 592 979 Et
603 925 709 995 glaucas
721 925 823 989 salices,
836 926 994 993 metamque,
1007 941 1160 996 crocumque
1171 924 1325 991 rubentem,

555 1013 592 1064 Et
603 1013 725 1081 pinguem
737 1010 829 1076 tiliam,
842 1016 869 1062 et
880 1008 1041 1079 femrgineos
1053 1010 1216 1080 hyacinthos.

556 1097 685 1150 Omnibus
696 1114 748 1150 una
760 1097 834 1165 quies
845 1114 960 1167 operum,
971 1096 1046 1149 labor
1057 1096 1177 1149 omnibus
1188 1114 1265 1150 nnus.

559 1184 640 1236 Mane
653 1189 731 1236 ruunt
742 1184 835 1253 portis:
857 1200 985 1251 nusquam
996 1200 1069 1235 mora
1080 1200 1177 1248 rursus,
1189 1183 1300 1237 easdem

561 1269 661 1340 Vesper
672 1269 716 1322 ubi
729 1287 744 1321 e
756 1275 831 1340 pastu
843 1268 949 1321 tandem
961 1268 1087 1322 decedere
1098 1270 1195 1339 campis

559 1356 711 1421 Admonuit,
723 1362 778 1409 tum
790 1360 859 1408 tecta
871 1360 972 1426 petunt,
984 1361 1039 1408 tum
1051 1372 1156 1427 corpora
1166 1361 1266 1409 curant.
1281 1365 1286 1380 “

560 1444 605 1495 Fit
616 1444 724 1507 sonitus,
736 1448 903 1511 mussantque
915 1459 974 1495 oras
985 1447 1014 1495 st
1023 1441 1114 1495 limina
1125 1443 1230 1496 circum.

561 1530 626 1584 Post
637 1531 681 1583 ubi
690 1532 746 1602 jam
758 1528 881 1582 thalamis
892 1546 921 1580 se
933 1545 1111 1601 composuere,
1122 1527 1213 1582 siletur

561 1616 592 1667 ln
605 1622 715 1678 noctem,
727 1613 861 1684 fessosque
872 1631 946 1685 sopor
958 1632 1020 1667 suus
1031 1621 1139 1688 occupat
1149 1621 1229 1667 artua

559 1701 618 1753 Nec
630 1718 690 1753 vero
702 1718 718 1752 a
729 1700 838 1752 stabulis
850 1700 936 1771 pluvia
947 1700 1114 1770 impendente
1124 1700 1249 1753 recedunt

560 1785 684 1851 Longius,
696 1791 741 1837 ant
753 1783 861 1836 credunt
870 1783 936 1836 coelo
948 1783 1149 1836 adventantibus
1162 1783 1253 1837 Euris:

560 1871 612 1922 Sed
623 1871 717 1922 circum
730 1876 794 1922 tutte
806 1869 854 1923 sub
864 1869 991 1922 moenibus
1002 1869 1073 1922 urbis
1085 1875 1221 1939 aquantur,

560 1955 740 2022 Excursusque
752 1954 843 2007 breves
852 1959 969 2007 tentant:
989 1961 1017 2007 et
1027 1970 1099 2026 saepe
1109 1953 1221 2026 lapillos,

561 2041 601 2090 Ut
612 2039 712 2107 cymbae
724 2038 859 2091 instabiles
870 2038 951 2092 fluctu
960 2040 1078 2111 jactante
1090 2038 1231 2102 saburram,

561 2123 677 2188 Tollunt,
689 2124 730 2177 bis
742 2141 801 2177 sese
812 2143 858 2196 per
869 2125 957 2177 inania
967 2123 1057 2177 nubila
1067 2123 1171 2177 librant.

561 2209 639 2263 Illum
651 2212 716 2263 adeo
728 2211 857 2282 placuisse
869 2211 961 2282 apibus
973 2211 1101 2264 mirabere
1113 2228 1219 2275 morem,

561 2299 637 2362 Quod
649 2314 695 2350 nec
707 2298 842 2350 concubitu
855 2296 1001 2365 indulgent,
1013 2314 1061 2350 nec
1072 2314 1178 2369 corpora
1189 2313 1285 2364 segnes

546 2418 549 2422 .
563 2383 594 2434 ln
609 2384 740 2436 Venerem
752 2383 862 2447 solvunt,
872 2389 918 2436 aut
930 2381 1010 2436 foetus
1021 2383 1128 2436 nixibus
1139 2382 1230 2436 edunt:

562 2470 664 2522 Verum
675 2471 740 2541 ipsae
752 2468 821 2521 foliis
832 2476 916 2534 natos,
929 2477 956 2522 et
967 2470 1090 2523 suavibus
1099 2469 1189 2522 herbis

562 2557 617 2610 Ore
628 2556 732 2624 legunt:
751 2557 816 2627 ipsae
827 2574 927 2624 regem,
939 2573 1081 2627 parvosque
1092 2556 1210 2618 Quirites

563 2642 710 2708 Sufficiunt,
723 2642 846 2713 aulasque
858 2649 886 2695 et
896 2661 972 2697 cerea
983 2660 1064 2711 regna
1075 2641 1199 2711 refigunt.

563 2731 639 2804 Saepe
652 2732 731 2784 etiarn
744 2730 814 2783 duris
827 2732 934 2783 errando
945 2730 973 2781 ln
985 2729 1085 2782 cotibus
1096 2728 1153 2781 alas

562 2819 704 2882 Attrivere,
716 2817 833 2886 ultroque
845 2818 958 2869 animam
971 2815 1019 2869 sub
1031 2814 1101 2867 fasce
1113 2814 1254 2867 dederunt:

563 2902 666 2954 'l'antus
678 2920 748 2954 amor
759 2901 860 2965 florum,
872 2908 899 2953 et
910 2901 1054 2969 generandi
1065 2900 1148 2969 gloria
1160 2900 1254 2953 mellis.

564 2986 635 3053 Ergo
646 2987 716 3056 ipses
727 2987 842 3053 quamvis
853 2988 957 3053 angusti
969 2989 1094 3039 terminus
1106 2987 1157 3040 aeri

564 3070 695 3141 Excipiet,
707 3069 808 3142 (neque
820 3073 890 3124 enim
901 3071 959 3143 plus
971 3073 1083 3143 septima
1094 3073 1195 3126 ducitur
1206 3074 1298 3136 estas)

563 3158 602 3208 At
613 3174 696 3224 genus
707 3157 851 3211 immortale
863 3165 960 3223 manet,
972 3159 1117 3229 multosque
1127 3177 1174 3231 per
1184 3176 1266 3211 annos

564 3243 624 3294 Stat
634 3240 736 3295 fortuna
747 3244 847 3310 domus,
859 3251 887 3297 et
898 3247 939 3297 avi
950 3250 1117 3298 numerantur
1128 3262 1243 3298 avorum.

564 3330 693 3381 Praeterea
702 3346 792 3399 regem
803 3348 854 3383 non
865 3333 903 3384 sic
915 3334 1057 3404 AEgyptus,
1068 3335 1096 3383 et
1105 3332 1200 3399 ingens

563 3410 660 3480 Lydia:
678 3431 726 3466 nec
737 3414 825 3485 populi
838 3414 1000 3479 Parthorum,
1012 3426 1058 3468 aut
1071 3415 1168 3468 Medus
1182 3414 1322 3487 Hydaspes

565 3498 723 3552 Observant:
742 3517 804 3568 rege
815 3501 935 3555 incolumi
947 3518 1020 3555 mens
1031 3501 1150 3554 omnibus
1161 3519 1214 3555 una
1225 3506 1277 3565 est;

564 3584 680 3651 Amisso,
692 3605 783 3658 mpero
795 3586 884 3652 fidem,
896 3593 1092 3656 constructaque
1103 3586 1184 3640 mella

566 3672 702 3746 Diripuere
712 3675 784 3746 ipsse,
797 3681 825 3728 et
835 3681 920 3728 crates
931 3674 1031 3728 solvere
1041 3672 1166 3726 favorum.

565 3759 614 3813 lllo
625 3780 731 3832 operum
742 3768 837 3828 custos,
848 3761 921 3816 illum
934 3761 1102 3825 admirantur,
1115 3766 1142 3812 et
1153 3777 1244 3813 omnes

564 3846 739 3901 Circumstant
750 3847 854 3901 fremitu
865 3848 954 3911 denso,
967 3848 1124 3919 stipemque
1134 3844 1293 3915 frequentes.

565 3930 601 3979 Et
613 3947 684 4000 saepe
695 3931 818 3984 attollunt
828 3931 952 3994 humeris,
964 3938 992 3982 et
1004 3949 1110 4003 corpora
1122 3930 1192 3983 bello

564 4011 714 4083 Objectant,
726 4014 908 4083 pulchramque
921 4022 1015 4083 petunt
1025 4034 1071 4088 per
1081 4017 1188 4070 vulnera
1199 4022 1315 4069 mortem.

493 4181 696 4267 Reipublioae
711 4204 821 4248 omnes
836 4193 983 4250 auctores
998 4208 1158 4270 percurre,
1173 4208 1278 4252 rerum
1300 4188 1448 4270 publica·

493 4306 563 4348 rum
582 4286 705 4349 revolve
726 4286 886 4365 historias,
901 4289 966 4352 vita
982 4288 1084 4353 civilis
1107 4289 1166 4352 tibi
1189 4289 1307 4379 rectius
1330 4298 1364 4351 et
1385 4292 1451 4354 ele·

491 4387 616 4470 gentius
638 4408 795 4473 nusquam
819 4402 975 4455 occurret.
1021 4390 1205 4475 Esseutquc
1231 4390 1450 4474 proculdubio
