3867 5467
495 779 559 839 282
756 786 893 832 sanutus
908 783 1187 832 saansaaamasrs
1281 770 1368 852 [sta.
1386 792 1456 838 vur.

493 943 591 1007 totius
603 941 733 1006 musicae
744 936 844 1002 melos
855 958 914 1021 pro
925 935 1049 1003 viribus
1060 936 1223 1022 expleant,
1236 961 1332 1005 nemo
1342 964 1450 1007 eorum

490 1044 701 1130 philomenam
719 1039 874 1123 oequabit,
889 1051 946 1102 aut
966 1040 1149 1125 psittacum.
1181 1044 1299 1105 Nonne
1313 1064 1393 1127 ergo
1406 1044 1450 1107 in-

485 1146 601 1212 decens
614 1160 647 1210 et
667 1144 856 1232 probrosum
872 1155 921 1206 est
936 1141 1085 1207 humanas
1108 1141 1304 1222 celsitudini,
1319 1146 1346 1207 si
1362 1159 1445 1232 post-

490 1249 595 1333 posita
608 1248 684 1312 dote
699 1268 768 1321 sua,
783 1244 815 1308 in
832 1265 898 1329 qua
913 1244 1076 1329 praevalet,
1089 1245 1128 1308 ad
1144 1245 1276 1321 alienas,
1287 1247 1321 1309 in
1333 1248 1447 1333 quibua

491 1362 672 1435 superatur,
687 1344 852 1433 adspirat?
880 1346 996 1409 Verum
1014 1346 1040 1410 si
1056 1345 1233 1409 moderatio
1247 1346 1447 1428 adhibeatur,

490 1453 523 1515 in
547 1450 596 1515 his
610 1451 770 1515 interdum
787 1469 934 1512 sensuum
951 1446 1149 1533 voluptatem
1165 1448 1296 1523 versari,
1313 1450 1444 1535 sapienti

493 1579 554 1621 non
571 1555 708 1620 arbitror
727 1552 930 1616 indecorum:
960 1565 996 1615 ut
1012 1573 1231 1636 saepenumero
1250 1551 1376 1617 dictum
1392 1567 1445 1627 est,

492 1658 571 1723 nihil
594 1656 746 1720 decorum
768 1669 815 1718 est
840 1654 906 1717 sine
929 1652 1035 1717 modo.
1073 1657 1158 1718 Nam
1181 1666 1213 1717 et
1234 1656 1334 1719 ociari
1355 1656 1446 1719 inter-

492 1758 570 1822 dum
598 1756 734 1843 sapienti
765 1754 919 1818 familiare
944 1766 1006 1830 est,
1034 1776 1096 1817 nou
1124 1766 1229 1818 tamen
1258 1769 1295 1820 ut
1321 1757 1446 1822 virtutis

490 1859 674 1924 exercitium
698 1869 875 1932 evanescat,
891 1854 944 1918 scd
969 1878 1035 1940 quo
1057 1855 1159 1939 magis
1181 1857 1300 1941 vigeat,
1314 1871 1349 1923 et
1368 1882 1444 1945 quo·

491 1959 663 2024 dammodo
675 1967 843 2021 recreetur.
874 1956 1039 2042 Siquidem
1057 1957 1178 2021 Laelius
1192 1970 1224 2022 et
1238 1959 1357 2047 Scipio,
1367 1961 1444 2025 illud

490 2083 548 2147 par
563 2059 679 2122 amoris
700 2059 834 2142 insigne,
850 2057 945 2120 simul
969 2057 1165 2137 lectitabant,
1180 2072 1212 2123 ct
1235 2060 1317 2126 sicut
1340 2063 1442 2126 remis·

491 2163 587 2227 sionis
609 2182 718 2223 eorum
746 2159 940 2223 certissimus
966 2161 1056 2224 testis
1084 2160 1225 2226 Scaevola
1251 2176 1364 2228 auctor
1388 2178 1443 2241 est,

491 2263 638 2329 civilibus
647 2262 773 2347 fatigati
785 2261 931 2345 negotiis,
941 2260 1008 2347 pila
1020 2262 1182 2329 ludebant.
1215 2264 1308 2329 Idem
1317 2289 1443 2352 quoque

494 2363 636 2430 Scaevola
657 2364 734 2428 aleae
755 2376 787 2428 ct
809 2362 940 2428 calculis
961 2362 1123 2429 interdum
1146 2387 1275 2430 vacasse
1297 2367 1441 2442 traditur,

491 2489 592 2552 quum
609 2467 690 2530 bene
699 2490 737 2529 ac
746 2464 801 2529 diu
809 2467 884 2551 jura
894 2465 1025 2543 civium,
1035 2467 1295 2553 ceremoniasque
1307 2471 1441 2533 Deorum

490 2568 675 2633 ordinasset.
713 2571 761 2635 Ut
776 2567 858 2630 enirn
882 2566 914 2629 in
931 2567 1027 2632 rebus
1044 2569 1133 2632 seriis
1148 2570 1339 2647 Scaevolam,
1354 2570 1398 2635 ita
1411 2571 1442 2634 in

490 2670 616 2735 lusibus
631 2669 788 2734 hominem
804 2670 929 2752 agebat,
942 2692 1037 2754 quem
1053 2692 1161 2734 rerum
1174 2682 1291 2736 natura
1305 2671 1443 2736 continui

491 2771 608 2836 laboris
618 2772 791 2856 patientem
807 2794 944 2835 essenon
957 2771 1042 2836 sinit.
1074 2774 1179 2858 quue
1195 2773 1279 2838 vidit
1292 2778 1443 2851 Socrates,

491 2874 546 2959 qui
558 2874 675 2939 nullam
690 2873 853 2960 sapientise
862 2886 983 2958 partem
996 2873 1115 2939 dicitur
1126 2874 1277 2940 habuisse
1287 2875 1442 2962 ignotam3

491 2976 629 3062 ideoque
644 3000 706 3040 non
723 2976 853 3041 erubuit
869 2990 956 3053 tunc,
972 2999 1072 3062 quum
1089 2978 1277 3063 interposita
1291 2979 1443 3043 arundine

489 3077 636 3142 cruribus
650 3081 727 3153 suis,
736 3099 808 3140 cum
822 3077 964 3163 parvulis
975 3078 1081 3143 filiolis
1091 3078 1217 3156 ludens,
1227 3080 1269 3143 ab
1282 3078 1442 3146 Alcibiade

489 3178 571 3244 risus
593 3191 651 3243 est.
698 3181 859 3241 Homerus
881 3200 1020 3263 quoque,
1042 3178 1180 3243 coelestis
1203 3192 1293 3243 vates
1316 3180 1442 3265 ingenii,

488 3301 551 3341 non
577 3278 664 3340 aliud
692 3279 799 3352 sentit,
822 3278 1104 3344 vehementissimis
1133 3280 1269 3345 Achillis
1296 3282 1441 3347 manibus

488 3398 618 3441 canoras
639 3374 718 3437 fides
737 3375 887 3459 aptando,
904 3378 964 3441 nisi
989 3392 1024 3444 ut
1045 3401 1152 3442 earum
1177 3380 1315 3444 militare
1335 3383 1439 3459 robur,

489 3479 549 3543 levi
566 3478 653 3566 pacis
671 3475 790 3554 studio,
814 3476 979 3545 relaxaret.
1020 3482 1058 3543 Iu
1080 3504 1214 3556 summa,
1234 3482 1440 3561 histrioniam,

489 3580 693 3661 saltatoriam,
708 3593 739 3645 et
758 3579 940 3666 hujusmodi
957 3580 1111 3646 lenocinia
1131 3606 1290 3660 exercere,
1306 3584 1441 3651 levitatis

489 3700 545 3751 aut
566 3683 775 3773 turpitudinis
797 3697 856 3748 est.
902 3684 964 3749 Sed
988 3683 1137 3748 delectari
1160 3685 1191 3749 in
1215 3687 1271 3765 eis,
1294 3710 1379 3752 nunc
1400 3688 1439 3751 ad

488 3791 567 3869 ocia,
584 3813 667 3854 nuuc
687 3788 727 3852 ad
750 3787 871 3873 flagitia
890 3786 1021 3851 accedit.
1061 3788 1094 3852 Si
1115 3789 1198 3852 enim
1222 3790 1365 3854 modeste
1389 3790 1440 3854 liat

486 3891 526 3955 ad
543 3891 777 3967 recreationem,
794 3891 854 3954 sub
868 3889 991 3954 ociandi
1007 3890 1133 3953 licentia
1147 3904 1336 3956 excusatur:
1358 3892 1384 3955 si
1398 3892 1439 3957 ad

487 3990 676 4053 lascivientis
691 3991 787 4052 animi
808 3992 1018 4075 voluptatem,
1035 3991 1120 4057 cadit
1141 3991 1173 4055 in
1190 3994 1319 4057 crimen.
1355 3994 1437 4057 Haec

485 4105 591 4158 autem
615 4089 762 4154 facillime
784 4092 963 4175 distinguit,
988 4094 1057 4170 loci,
1075 4096 1237 4183 temporis,
1259 4094 1439 4182 modi,per·

486 4219 582 4275 sonae,
604 4208 635 4259 et
658 4214 762 4257 causae
789 4195 935 4281 superius
958 4212 1131 4262 memorata
1158 4200 1321 4279 discretio,
1342 4222 1439 4286 quam

485 4298 567 4362 forte
584 4297 676 4362 nimis
692 4296 851 4361 revolvere
868 4310 975 4383 posset
990 4299 1097 4385 lingua
1114 4301 1287 4379 verbosior,
1301 4302 1355 4367 sed
1370 4325 1440 4366 eam

487 4422 574 4466 mens
590 4414 682 4465 cauta
699 4398 859 4464 revolvere
876 4400 979 4479 nimis,
994 4415 1049 4466 aut
1070 4403 1230 4468 continere
1246 4426 1309 4468 non
1327 4418 1443 4492 potest.
