<?xml version="1.0" encoding="UTF-8"?>
<!DOCTYPE html PUBLIC "-//W3C//DTD XHTML 1.0 Transitional//EN"
    "http://www.w3.org/TR/xhtml1/DTD/xhtml1-transitional.dtd">
<html xmlns="http://www.w3.org/1999/xhtml" xml:lang="en" lang="en">
 <head>
  <title>
</title>
<meta http-equiv="Content-Type" content="text/html;charset=utf-8" />
  <meta name='ocr-system' content='tesseract 3.04.00' />
  <meta name='ocr-capabilities' content='ocr_page ocr_carea ocr_par ocr_line ocrx_word'/>
</head>
<body>
  <div class='ocr_page' id='page_1' title='image "./operaomnianuncp00johngoog_0186.png"; bbox 0 0 3867 5467; ppageno 0'>
   <div class='ocr_carea' id='block_1_1' title="bbox 494 752 1456 833">
    <p class='ocr_par' dir='ltr' id='par_1_1' title="bbox 494 752 1456 833">
     <span class='ocr_line' id='line_1_1' title="bbox 494 752 1456 833; baseline -0.006 -14"><span class='ocrx_word' id='word_1_1' title='bbox 494 762 552 819; x_wconf 86' lang='grc'><strong>178</strong></span> <span class='ocrx_word' id='word_1_2' title='bbox 756 771 890 815; x_wconf 72' lang='lat' dir='ltr'><strong>ioannis</strong></span> <span class='ocrx_word' id='word_1_3' title='bbox 906 770 1187 813; x_wconf 76' lang='lat' dir='ltr'><strong>sanrsunmnxsrs</strong></span> <span class='ocrx_word' id='word_1_4' title='bbox 1298 752 1386 833; x_wconf 77' lang='lat' dir='ltr'><strong>[nra.</strong></span> <span class='ocrx_word' id='word_1_5' title='bbox 1404 770 1456 815; x_wconf 79' lang='lat' dir='ltr'><strong>tm.</strong></span> 
     </span>
    </p>
   </div>
   <div class='ocr_carea' id='block_1_2' title="bbox 488 919 1453 2121">
    <p class='ocr_par' dir='ltr' id='par_1_2' title="bbox 488 919 1453 2121">
     <span class='ocr_line' id='line_1_2' title="bbox 491 919 1453 1007; baseline -0.007 -18"><span class='ocrx_word' id='word_1_6' title='bbox 491 926 575 989; x_wconf 90' lang='lat' dir='ltr'><strong>inani</strong></span> <span class='ocrx_word' id='word_1_7' title='bbox 598 923 699 1007; x_wconf 83' lang='lat' dir='ltr'><strong>glorio</strong></span> <span class='ocrx_word' id='word_1_8' title='bbox 715 923 938 996; x_wconf 81' lang='lat' dir='ltr'><strong>intumescens,</strong></span> <span class='ocrx_word' id='word_1_9' title='bbox 957 919 1123 984; x_wconf 88' lang='lat' dir='ltr'><strong>Altissimo</strong></span> <span class='ocrx_word' id='word_1_10' title='bbox 1135 920 1334 984; x_wconf 83' lang='lat' dir='ltr'><strong>conformari</strong></span> <span class='ocrx_word' id='word_1_11' title='bbox 1354 919 1453 984; x_wconf 87' lang='lat' dir='ltr'><strong>voluit</strong></span> 
     </span>
     <span class='ocr_line' id='line_1_3' title="bbox 490 1021 1452 1110; baseline -0.005 -20"><span class='ocrx_word' id='word_1_12' title='bbox 490 1042 546 1090; x_wconf 89' lang='lat' dir='ltr'><strong>aut</strong></span> <span class='ocrx_word' id='word_1_13' title='bbox 568 1024 722 1110; x_wconf 75' lang='lat' dir='ltr'><strong>praeferri,</strong></span> <span class='ocrx_word' id='word_1_14' title='bbox 743 1024 886 1109; x_wconf 86' lang='lat' dir='ltr'><strong>dejectus</strong></span> <span class='ocrx_word' id='word_1_15' title='bbox 915 1036 946 1087; x_wconf 93' lang='lat' dir='ltr'><strong>et</strong></span> <span class='ocrx_word' id='word_1_16' title='bbox 967 1021 1188 1108; x_wconf 76' lang='lat' dir='ltr'><strong>praecipitatus</strong></span> <span class='ocrx_word' id='word_1_17' title='bbox 1209 1035 1261 1087; x_wconf 90' lang='lat' dir='ltr'><strong>est</strong></span> <span class='ocrx_word' id='word_1_18' title='bbox 1294 1023 1327 1086; x_wconf 94' lang='lat' dir='ltr'><strong>in</strong></span> <span class='ocrx_word' id='word_1_19' title='bbox 1353 1023 1452 1086; x_wconf 92' lang='lat' dir='ltr'><strong>lacum</strong></span> 
     </span>
     <span class='ocr_line' id='line_1_4' title="bbox 488 1123 1450 1208; baseline -0.007 -17"><span class='ocrx_word' id='word_1_20' title='bbox 488 1126 699 1191; x_wconf 82' lang='lat' dir='ltr'>damnationis</span> <span class='ocrx_word' id='word_1_21' title='bbox 722 1129 876 1190; x_wconf 83' lang='lat' dir='ltr'><strong>aeternae?</strong></span> <span class='ocrx_word' id='word_1_22' title='bbox 901 1126 982 1187; x_wconf 89' lang='lat' dir='ltr'><strong>Sane</strong></span> <span class='ocrx_word' id='word_1_23' title='bbox 1006 1123 1106 1187; x_wconf 91' lang='lat' dir='ltr'><strong>insani</strong></span> <span class='ocrx_word' id='word_1_24' title='bbox 1134 1139 1222 1197; x_wconf 86' lang='lat' dir='ltr'><strong>suut,</strong></span> <span class='ocrx_word' id='word_1_25' title='bbox 1249 1127 1309 1208; x_wconf 92' lang='lat' dir='ltr'><strong>qui</strong></span> <span class='ocrx_word' id='word_1_26' title='bbox 1325 1126 1389 1187; x_wconf 89' lang='lat' dir='ltr'><strong>hac</strong></span> <span class='ocrx_word' id='word_1_27' title='bbox 1404 1124 1450 1185; x_wconf 80' lang='lat' dir='ltr'><strong>ria</strong></span> 
     </span>
     <span class='ocr_line' id='line_1_5' title="bbox 489 1224 1449 1310; baseline -0.006 -18"><span class='ocrx_word' id='word_1_28' title='bbox 489 1228 652 1303; x_wconf 84' lang='lat' dir='ltr'><strong>incedunt,</strong></span> <span class='ocrx_word' id='word_1_29' title='bbox 673 1242 705 1291; x_wconf 91' lang='lat' dir='ltr'><strong>et</strong></span> <span class='ocrx_word' id='word_1_30' title='bbox 721 1226 963 1290; x_wconf 81' lang='lat' dir='ltr'><strong>miserabiliores</strong></span> <span class='ocrx_word' id='word_1_31' title='bbox 986 1225 1135 1288; x_wconf 89' lang='lat' dir='ltr'><strong>omnibus</strong></span> <span class='ocrx_word' id='word_1_32' title='bbox 1154 1224 1323 1309; x_wconf 81' lang='lat' dir='ltr'><strong>gentibus,</strong></span> <span class='ocrx_word' id='word_1_33' title='bbox 1347 1225 1449 1310; x_wconf 89' lang='lat' dir='ltr'><strong>quiet</strong></span> 
     </span>
     <span class='ocr_line' id='line_1_6' title="bbox 490 1326 1449 1418; baseline -0.006 -24"><span class='ocrx_word' id='word_1_34' title='bbox 490 1331 656 1418; x_wconf 85' lang='lat' dir='ltr'><strong>praesentis</strong></span> <span class='ocrx_word' id='word_1_35' title='bbox 680 1331 753 1394; x_wconf 75' lang='lat' dir='ltr'><strong>vitae</strong></span> <span class='ocrx_word' id='word_1_36' title='bbox 777 1327 866 1391; x_wconf 92' lang='lat' dir='ltr'><strong>bonis</strong></span> <span class='ocrx_word' id='word_1_37' title='bbox 893 1326 1072 1412; x_wconf 80' lang='lat' dir='ltr'><strong>privantur,</strong></span> <span class='ocrx_word' id='word_1_38' title='bbox 1095 1339 1127 1390; x_wconf 91' lang='lat' dir='ltr'><strong>et</strong></span> <span class='ocrx_word' id='word_1_39' title='bbox 1151 1342 1298 1404; x_wconf 84' lang='lat' dir='ltr'><strong>aeteruae,</strong></span> <span class='ocrx_word' id='word_1_40' title='bbox 1313 1330 1449 1390; x_wconf 87' lang='lat' dir='ltr'><strong>maxime</strong></span> 
     </span>
     <span class='ocr_line' id='line_1_7' title="bbox 491 1427 1448 1517; baseline -0.007 -22"><span class='ocrx_word' id='word_1_41' title='bbox 491 1455 592 1517; x_wconf 91' lang='lat' dir='ltr'><strong>quum</strong></span> <span class='ocrx_word' id='word_1_42' title='bbox 618 1432 684 1505; x_wconf 90' lang='lat' dir='ltr'><strong>ille,</strong></span> <span class='ocrx_word' id='word_1_43' title='bbox 708 1430 763 1516; x_wconf 93' lang='lat' dir='ltr'><strong>qui</strong></span> <span class='ocrx_word' id='word_1_44' title='bbox 787 1450 846 1514; x_wconf 93' lang='lat' dir='ltr'><strong>pro</strong></span> <span class='ocrx_word' id='word_1_45' title='bbox 868 1428 1089 1513; x_wconf 89' lang='lat' dir='ltr'><strong>peccatoribus</strong></span> <span class='ocrx_word' id='word_1_46' title='bbox 1111 1443 1282 1514; x_wconf 89' lang='lat' dir='ltr'><strong>peccatum</strong></span> <span class='ocrx_word' id='word_1_47' title='bbox 1300 1427 1448 1493; x_wconf 80' lang='lat' dir='ltr'><strong>sustinuit</strong></span> 
     </span>
     <span class='ocr_line' id='line_1_8' title="bbox 490 1527 1448 1614; baseline -0.005 -18"><span class='ocrx_word' id='word_1_48' title='bbox 490 1534 569 1611; x_wconf 85' lang='lat' dir='ltr'><strong>lieri,</strong></span> <span class='ocrx_word' id='word_1_49' title='bbox 598 1548 629 1596; x_wconf 88' lang='lat' dir='ltr'><strong>et</strong></span> <span class='ocrx_word' id='word_1_50' title='bbox 652 1531 836 1594; x_wconf 77' lang='lat' dir='ltr'><strong>familiarem</strong></span> <span class='ocrx_word' id='word_1_51' title='bbox 862 1552 894 1592; x_wconf 87' lang='lat' dir='ltr'><strong>se</strong></span> <span class='ocrx_word' id='word_1_52' title='bbox 912 1527 1058 1592; x_wconf 82' lang='lat' dir='ltr'><strong>exhibuit</strong></span> <span class='ocrx_word' id='word_1_53' title='bbox 1080 1528 1274 1614; x_wconf 83' lang='lat' dir='ltr'><strong>publicanis,</strong></span> <span class='ocrx_word' id='word_1_54' title='bbox 1298 1545 1331 1595; x_wconf 92' lang='lat' dir='ltr'><strong>et</strong></span> <span class='ocrx_word' id='word_1_55' title='bbox 1355 1552 1448 1594; x_wconf 86' lang='lat' dir='ltr'><strong>mere·</strong></span> 
     </span>
     <span class='ocr_line' id='line_1_9' title="bbox 491 1630 1447 1718; baseline -0.004 -20"><span class='ocrx_word' id='word_1_56' title='bbox 491 1635 633 1712; x_wconf 88' lang='lat' dir='ltr'><strong>tricibus,</strong></span> <span class='ocrx_word' id='word_1_57' title='bbox 662 1656 734 1696; x_wconf 88' lang='lat' dir='ltr'><strong>curn</strong></span> <span class='ocrx_word' id='word_1_58' title='bbox 766 1631 943 1717; x_wconf 81' lang='lat' dir='ltr'><strong>hypocritis</strong></span> <span class='ocrx_word' id='word_1_59' title='bbox 965 1653 1075 1715; x_wconf 88' lang='lat' dir='ltr'><strong>pacem</strong></span> <span class='ocrx_word' id='word_1_60' title='bbox 1106 1630 1223 1695; x_wconf 87' lang='lat' dir='ltr'><strong>habere</strong></span> <span class='ocrx_word' id='word_1_61' title='bbox 1253 1632 1447 1718; x_wconf 84' lang='lat' dir='ltr'><strong>nequiverit,</strong></span> 
     </span>
     <span class='ocr_line' id='line_1_10' title="bbox 490 1732 1446 1821; baseline -0.002 -23"><span class='ocrx_word' id='word_1_62' title='bbox 490 1736 546 1821; x_wconf 91' lang='lat' dir='ltr'><strong>qui</strong></span> <span class='ocrx_word' id='word_1_63' title='bbox 571 1759 631 1799; x_wconf 92' lang='lat' dir='ltr'><strong>non</strong></span> <span class='ocrx_word' id='word_1_64' title='bbox 655 1735 839 1818; x_wconf 88' lang='lat' dir='ltr'><strong>indigebant</strong></span> <span class='ocrx_word' id='word_1_65' title='bbox 859 1732 987 1818; x_wconf 89' lang='lat' dir='ltr'><strong>justitia</strong></span> <span class='ocrx_word' id='word_1_66' title='bbox 1009 1732 1088 1818; x_wconf 86' lang='lat' dir='ltr'><strong>ejus.</strong></span> <span class='ocrx_word' id='word_1_67' title='bbox 1133 1733 1226 1810; x_wconf 82' lang='lat' dir='ltr'><strong>Quod</strong></span> <span class='ocrx_word' id='word_1_68' title='bbox 1244 1738 1382 1820; x_wconf 92' lang='lat' dir='ltr'><strong>planum</strong></span> <span class='ocrx_word' id='word_1_69' title='bbox 1404 1748 1446 1797; x_wconf 84' lang='lat' dir='ltr'><strong>est</strong></span> 
     </span>
     <span class='ocr_line' id='line_1_11' title="bbox 489 1833 1446 1921; baseline -0.001 -23"><span class='ocrx_word' id='word_1_70' title='bbox 489 1835 548 1910; x_wconf 89' lang='lat' dir='ltr'><strong>his,</strong></span> <span class='ocrx_word' id='word_1_71' title='bbox 572 1837 628 1921; x_wconf 93' lang='lat' dir='ltr'><strong>qui</strong></span> <span class='ocrx_word' id='word_1_72' title='bbox 647 1836 878 1908; x_wconf 86' lang='lat' dir='ltr'><strong>altercationes,</strong></span> <span class='ocrx_word' id='word_1_73' title='bbox 901 1856 981 1917; x_wconf 90' lang='lat' dir='ltr'><strong>quas</strong></span> <span class='ocrx_word' id='word_1_74' title='bbox 1001 1856 1075 1897; x_wconf 87' lang='lat' dir='ltr'><strong>curn</strong></span> <span class='ocrx_word' id='word_1_75' title='bbox 1099 1833 1271 1899; x_wconf 85' lang='lat' dir='ltr'><strong>Pharisaeis</strong></span> <span class='ocrx_word' id='word_1_76' title='bbox 1294 1836 1446 1910; x_wconf 84' lang='lat' dir='ltr'><strong>exercuit,</strong></span> 
     </span>
     <span class='ocr_line' id='line_1_12' title="bbox 489 1934 1446 2021; baseline -0.002 -23"><span class='ocrx_word' id='word_1_77' title='bbox 489 1934 658 2021; x_wconf 85' lang='lat' dir='ltr'><strong>diligenter</strong></span> <span class='ocrx_word' id='word_1_78' title='bbox 684 1934 863 1998; x_wconf 84' lang='lat' dir='ltr'><strong>attendunt.</strong></span> <span class='ocrx_word' id='word_1_79' title='bbox 910 1934 1069 1997; x_wconf 89' lang='lat' dir='ltr'><strong>Nituutur</strong></span> <span class='ocrx_word' id='word_1_80' title='bbox 1088 1944 1192 1998; x_wconf 89' lang='lat' dir='ltr'><strong>tamen</strong></span> <span class='ocrx_word' id='word_1_81' title='bbox 1212 1936 1446 2001; x_wconf 72' lang='lat' dir='ltr'><strong>Pharisaeorum</strong></span> 
     </span>
     <span class='ocr_line' id='line_1_13' title="bbox 489 2034 1044 2121; baseline -0.011 -21"><span class='ocrx_word' id='word_1_82' title='bbox 489 2038 636 2121; x_wconf 86' lang='lat' dir='ltr'><strong>exemplo</strong></span> <span class='ocrx_word' id='word_1_83' title='bbox 651 2034 756 2097; x_wconf 91' lang='lat' dir='ltr'><strong>locum</strong></span> <span class='ocrx_word' id='word_1_84' title='bbox 774 2048 879 2098; x_wconf 88' lang='lat' dir='ltr'><strong>tenere</strong></span> <span class='ocrx_word' id='word_1_85' title='bbox 896 2035 1044 2119; x_wconf 90' lang='lat' dir='ltr'><strong>primum.</strong></span> 
     </span>
    </p>
   </div>
   <div class='ocr_carea' id='block_1_3' title="bbox 489 2207 1447 2391">
    <p class='ocr_par' dir='ltr' id='par_1_3' title="bbox 489 2207 1447 2391">
     <span class='ocr_line' id='line_1_14' title="bbox 489 2207 1447 2290; baseline 0.004 -21"><span class='ocrx_word' id='word_1_86' title='bbox 489 2208 568 2290; x_wconf 83' lang='lat' dir='ltr'><strong>Cap.</strong></span> <span class='ocrx_word' id='word_1_87' title='bbox 585 2212 636 2269; x_wconf 67' lang='lat'><strong>92.</strong></span> <span class='ocrx_word' id='word_1_88' title='bbox 660 2207 712 2270; x_wconf 83' lang='lat' dir='ltr'><strong>De</strong></span> <span class='ocrx_word' id='word_1_89' title='bbox 729 2208 865 2270; x_wconf 80' lang='lat' dir='ltr'><strong>eisdem:</strong></span> <span class='ocrx_word' id='word_1_90' title='bbox 893 2217 923 2271; x_wconf 80' lang='lat' dir='ltr'><strong>et</strong></span> <span class='ocrx_word' id='word_1_91' title='bbox 946 2208 985 2272; x_wconf 84' lang='lat' dir='ltr'><strong>de</strong></span> <span class='ocrx_word' id='word_1_92' title='bbox 1011 2207 1166 2282; x_wconf 75' lang='lat' dir='ltr'><strong>Esectia,</strong></span> <span class='ocrx_word' id='word_1_93' title='bbox 1190 2211 1249 2290; x_wconf 81' lang='lat' dir='ltr'><strong>qui</strong></span> <span class='ocrx_word' id='word_1_94' title='bbox 1270 2211 1447 2285; x_wconf 77' lang='lat' dir='ltr'><strong>thesauros,</strong></span> 
     </span>
     <span class='ocr_line' id='line_1_15' title="bbox 757 2312 1164 2391; baseline 0.002 -19"><span class='ocrx_word' id='word_1_95' title='bbox 757 2330 835 2391; x_wconf 79' lang='lat' dir='ltr'><strong>quos</strong></span> <span class='ocrx_word' id='word_1_96' title='bbox 849 2313 1032 2387; x_wconf 77' lang='lat' dir='ltr'><strong>ostentauit,</strong></span> <span class='ocrx_word' id='word_1_97' title='bbox 1046 2312 1164 2374; x_wconf 74' lang='lat' dir='ltr'><strong>amisit.</strong></span> 
     </span>
    </p>
   </div>
   <div class='ocr_carea' id='block_1_4' title="bbox 483 2442 1446 4254">
    <p class='ocr_par' dir='ltr' id='par_1_4' title="bbox 483 2442 1446 4254">
     <span class='ocr_line' id='line_1_16' title="bbox 533 2442 1444 2531; baseline 0.004 -26"><span class='ocrx_word' id='word_1_98' title='bbox 533 2445 814 2523; x_wconf 79' lang='lat' dir='ltr'><strong>Drnrrmtmuunt,</strong></span> <span class='ocrx_word' id='word_1_99' title='bbox 834 2458 890 2508; x_wconf 87' lang='lat' dir='ltr'><strong>aut</strong></span> <span class='ocrx_word' id='word_1_100' title='bbox 906 2442 1101 2529; x_wconf 87' lang='lat' dir='ltr'><strong>impossibile</strong></span> <span class='ocrx_word' id='word_1_101' title='bbox 1116 2457 1263 2508; x_wconf 86' lang='lat' dir='ltr'><strong>asserunt</strong></span> <span class='ocrx_word' id='word_1_102' title='bbox 1276 2448 1444 2531; x_wconf 86' lang='lat' dir='ltr'><strong>sapientes,</strong></span> 
     </span>
     <span class='ocr_line' id='line_1_17' title="bbox 486 2544 1442 2632; baseline 0.002 -24"><span class='ocrx_word' id='word_1_103' title='bbox 486 2544 519 2608; x_wconf 92' lang='lat' dir='ltr'><strong>iu</strong></span> <span class='ocrx_word' id='word_1_104' title='bbox 550 2545 698 2630; x_wconf 75' lang='lat' dir='ltr'><strong>praesenti</strong></span> <span class='ocrx_word' id='word_1_105' title='bbox 730 2545 870 2632; x_wconf 87' lang='lat' dir='ltr'><strong>gaudere</strong></span> <span class='ocrx_word' id='word_1_106' title='bbox 896 2568 970 2610; x_wconf 89' lang='lat' dir='ltr'><strong>cum</strong></span> <span class='ocrx_word' id='word_1_107' title='bbox 1000 2545 1130 2622; x_wconf 89' lang='lat' dir='ltr'><strong>mundo,</strong></span> <span class='ocrx_word' id='word_1_108' title='bbox 1160 2558 1193 2611; x_wconf 84' lang='lat' dir='ltr'><strong>et</strong></span> <span class='ocrx_word' id='word_1_109' title='bbox 1222 2548 1256 2611; x_wconf 93' lang='lat' dir='ltr'><strong>in</strong></span> <span class='ocrx_word' id='word_1_110' title='bbox 1288 2561 1442 2613; x_wconf 80' lang='lat' dir='ltr'><strong>aeternunr</strong></span> 
     </span>
     <span class='ocr_line' id='line_1_18' title="bbox 488 2647 1445 2732; baseline 0.003 -22"><span class='ocrx_word' id='word_1_111' title='bbox 488 2647 634 2712; x_wconf 85' lang='lat' dir='ltr'><strong>exultare</strong></span> <span class='ocrx_word' id='word_1_112' title='bbox 664 2670 737 2711; x_wconf 89' lang='lat' dir='ltr'><strong>cum</strong></span> <span class='ocrx_word' id='word_1_113' title='bbox 769 2648 917 2712; x_wconf 89' lang='lat' dir='ltr'><strong>Christo:</strong></span> <span class='ocrx_word' id='word_1_114' title='bbox 950 2662 982 2712; x_wconf 90' lang='lat' dir='ltr'><strong>et</strong></span> <span class='ocrx_word' id='word_1_115' title='bbox 1012 2651 1106 2732; x_wconf 84' lang='lat' dir='ltr'><strong>plane</strong></span> <span class='ocrx_word' id='word_1_116' title='bbox 1141 2649 1358 2715; x_wconf 87' lang='lat' dir='ltr'><strong>miserrimum</strong></span> <span class='ocrx_word' id='word_1_117' title='bbox 1389 2663 1445 2728; x_wconf 88' lang='lat' dir='ltr'><strong>est,</strong></span> 
     </span>
     <span class='ocr_line' id='line_1_19' title="bbox 490 2750 1446 2835; baseline 0.003 -21"><span class='ocrx_word' id='word_1_118' title='bbox 490 2750 631 2835; x_wconf 86' lang='lat' dir='ltr'><strong>torqueri</strong></span> <span class='ocrx_word' id='word_1_119' title='bbox 663 2773 735 2814; x_wconf 93' lang='lat' dir='ltr'><strong>cum</strong></span> <span class='ocrx_word' id='word_1_120' title='bbox 759 2750 891 2826; x_wconf 90' lang='lat' dir='ltr'><strong>mundo,</strong></span> <span class='ocrx_word' id='word_1_121' title='bbox 914 2764 946 2815; x_wconf 87' lang='lat' dir='ltr'><strong>et</strong></span> <span class='ocrx_word' id='word_1_122' title='bbox 969 2751 1001 2813; x_wconf 91' lang='lat' dir='ltr'><strong>in</strong></span> <span class='ocrx_word' id='word_1_123' title='bbox 1031 2765 1185 2816; x_wconf 80' lang='lat' dir='ltr'><strong>aeternum</strong></span> <span class='ocrx_word' id='word_1_124' title='bbox 1209 2775 1284 2817; x_wconf 87' lang='lat' dir='ltr'><strong>cum</strong></span> <span class='ocrx_word' id='word_1_125' title='bbox 1311 2754 1446 2819; x_wconf 89' lang='lat' dir='ltr'><strong>Diabolo</strong></span> 
     </span>
     <span class='ocr_line' id='line_1_20' title="bbox 487 2850 1445 2940; baseline 0.006 -27"><span class='ocrx_word' id='word_1_126' title='bbox 487 2850 652 2934; x_wconf 84' lang='lat' dir='ltr'><strong>flagellari.</strong></span> <span class='ocrx_word' id='word_1_127' title='bbox 700 2852 732 2913; x_wconf 93' lang='lat' dir='ltr'><strong>Si</strong></span> <span class='ocrx_word' id='word_1_128' title='bbox 760 2866 887 2935; x_wconf 83' lang='lat' dir='ltr'><strong>ergoet</strong></span> <span class='ocrx_word' id='word_1_129' title='bbox 909 2852 941 2915; x_wconf 93' lang='lat' dir='ltr'><strong>in</strong></span> <span class='ocrx_word' id='word_1_130' title='bbox 964 2850 1022 2915; x_wconf 89' lang='lat' dir='ltr'><strong>hac</strong></span> <span class='ocrx_word' id='word_1_131' title='bbox 1053 2852 1119 2916; x_wconf 88' lang='lat' dir='ltr'><strong>vita</strong></span> <span class='ocrx_word' id='word_1_132' title='bbox 1140 2865 1265 2918; x_wconf 87' lang='lat' dir='ltr'><strong>tantum</strong></span> <span class='ocrx_word' id='word_1_133' title='bbox 1283 2869 1445 2940; x_wconf 76' lang='lat' dir='ltr'><strong>sperantes</strong></span> 
     </span>
     <span class='ocr_line' id='line_1_21' title="bbox 488 2950 1443 3037; baseline 0.009 -24"><span class='ocrx_word' id='word_1_134' title='bbox 488 2964 563 3014; x_wconf 86' lang='lat' dir='ltr'><strong>sunt</strong></span> <span class='ocrx_word' id='word_1_135' title='bbox 580 2950 758 3035; x_wconf 78' lang='lat' dir='ltr'><strong>hypocritae</strong></span> <span class='ocrx_word' id='word_1_136' title='bbox 773 2953 890 3031; x_wconf 85' lang='lat' dir='ltr'><strong>tristes,</strong></span> <span class='ocrx_word' id='word_1_137' title='bbox 906 2955 961 3037; x_wconf 94' lang='lat' dir='ltr'><strong>qui</strong></span> <span class='ocrx_word' id='word_1_138' title='bbox 978 2952 1189 3018; x_wconf 85' lang='lat' dir='ltr'><strong>exterminant</strong></span> <span class='ocrx_word' id='word_1_139' title='bbox 1204 2954 1305 3019; x_wconf 82' lang='lat' dir='ltr'><strong>facies</strong></span> <span class='ocrx_word' id='word_1_140' title='bbox 1319 2980 1394 3022; x_wconf 88' lang='lat' dir='ltr'><strong>suas</strong></span> <span class='ocrx_word' id='word_1_141' title='bbox 1409 2972 1443 3021; x_wconf 91' lang='lat' dir='ltr'><strong>ut</strong></span> 
     </span>
     <span class='ocr_line' id='line_1_22' title="bbox 487 3050 1444 3139; baseline 0.008 -26"><span class='ocrx_word' id='word_1_142' title='bbox 487 3050 579 3135; x_wconf 91' lang='lat' dir='ltr'><strong>probi</strong></span> <span class='ocrx_word' id='word_1_143' title='bbox 607 3050 787 3115; x_wconf 87' lang='lat' dir='ltr'><strong>hominibus</strong></span> <span class='ocrx_word' id='word_1_144' title='bbox 810 3065 996 3136; x_wconf 83' lang='lat' dir='ltr'><strong>appareant,</strong></span> <span class='ocrx_word' id='word_1_145' title='bbox 1020 3066 1052 3116; x_wconf 89' lang='lat' dir='ltr'><strong>et</strong></span> <span class='ocrx_word' id='word_1_146' title='bbox 1079 3053 1169 3139; x_wconf 86' lang='lat' dir='ltr'><strong>quasi</strong></span> <span class='ocrx_word' id='word_1_147' title='bbox 1194 3055 1444 3139; x_wconf 78' lang='lat' dir='ltr'><strong>praecinentibus</strong></span> 
     </span>
     <span class='ocr_line' id='line_1_23' title="bbox 487 3151 1445 3240; baseline 0.008 -26"><span class='ocrx_word' id='word_1_148' title='bbox 487 3151 1445 3240; x_wconf 81' lang='lat' dir='ltr'><strong>tubis‚justitiaesuseoperapraeconantur,aDomiuosrustra</strong></span> 
     </span>
     <span class='ocr_line' id='line_1_24' title="bbox 485 3250 1443 3346; baseline 0.011 -35"><span class='ocrx_word' id='word_1_149' title='bbox 485 3250 722 3314; x_wconf 85' lang='lat' dir='ltr'><strong>retributionem</strong></span> <span class='ocrx_word' id='word_1_150' title='bbox 734 3265 931 3335; x_wconf 88' lang='lat' dir='ltr'><strong>exspectant,</strong></span> <span class='ocrx_word' id='word_1_151' title='bbox 947 3254 1097 3337; x_wconf 90' lang='lat' dir='ltr'><strong>quoniam</strong></span> <span class='ocrx_word' id='word_1_152' title='bbox 1110 3253 1141 3316; x_wconf 92' lang='lat' dir='ltr'><strong>in</strong></span> <span class='ocrx_word' id='word_1_153' title='bbox 1158 3256 1308 3340; x_wconf 83' lang='lat' dir='ltr'><strong>praeseuti</strong></span> <span class='ocrx_word' id='word_1_154' title='bbox 1319 3281 1443 3346; x_wconf 86' lang='lat' dir='ltr'><strong>recepe·</strong></span> 
     </span>
     <span class='ocr_line' id='line_1_25' title="bbox 486 3353 1441 3444; baseline 0.014 -29"><span class='ocrx_word' id='word_1_155' title='bbox 486 3353 743 3416; x_wconf 86' lang='lat' dir='ltr'><strong>runtmercedem</strong></span> <span class='ocrx_word' id='word_1_156' title='bbox 758 3376 855 3418; x_wconf 89' lang='lat' dir='ltr'><strong>snum.</strong></span> <span class='ocrx_word' id='word_1_157' title='bbox 881 3359 932 3419; x_wconf 90' lang='lat' dir='ltr'><strong>De</strong></span> <span class='ocrx_word' id='word_1_158' title='bbox 949 3358 998 3419; x_wconf 87' lang='lat' dir='ltr'><strong>his</strong></span> <span class='ocrx_word' id='word_1_159' title='bbox 1009 3357 1091 3420; x_wconf 89' lang='lat' dir='ltr'><strong>enim</strong></span> <span class='ocrx_word' id='word_1_160' title='bbox 1104 3359 1161 3444; x_wconf 92' lang='lat' dir='ltr'><strong>qui</strong></span> <span class='ocrx_word' id='word_1_161' title='bbox 1174 3360 1272 3424; x_wconf 86' lang='lat' dir='ltr'><strong>verbo</strong></span> <span class='ocrx_word' id='word_1_162' title='bbox 1283 3374 1316 3426; x_wconf 87' lang='lat' dir='ltr'><strong>et</strong></span> <span class='ocrx_word' id='word_1_163' title='bbox 1330 3363 1441 3428; x_wconf 88' lang='lat' dir='ltr'><strong>habitu</strong></span> 
     </span>
     <span class='ocr_line' id='line_1_26' title="bbox 486 3453 1441 3546; baseline 0.013 -28"><span class='ocrx_word' id='word_1_164' title='bbox 486 3468 580 3518; x_wconf 86' lang='lat' dir='ltr'><strong>tenus</strong></span> <span class='ocrx_word' id='word_1_165' title='bbox 596 3453 750 3518; x_wconf 91' lang='lat' dir='ltr'><strong>honorant</strong></span> <span class='ocrx_word' id='word_1_166' title='bbox 777 3456 961 3535; x_wconf 84' lang='lat' dir='ltr'><strong>Dominum,</strong></span> <span class='ocrx_word' id='word_1_167' title='bbox 977 3482 1016 3521; x_wconf 88' lang='lat' dir='ltr'><strong>ex</strong></span> <span class='ocrx_word' id='word_1_168' title='bbox 1036 3460 1189 3524; x_wconf 87' lang='lat' dir='ltr'><strong>sententia</strong></span> <span class='ocrx_word' id='word_1_169' title='bbox 1212 3462 1282 3546; x_wconf 89' lang='lat' dir='ltr'><strong>ejus</strong></span> <span class='ocrx_word' id='word_1_170' title='bbox 1307 3478 1441 3540; x_wconf 81' lang='lat' dir='ltr'><strong>constat,</strong></span> 
     </span>
     <span class='ocr_line' id='line_1_27' title="bbox 485 3555 1443 3647; baseline 0.015 -28"><span class='ocrx_word' id='word_1_171' title='bbox 485 3556 635 3642; x_wconf 83' lang='lat' dir='ltr'><strong>quoniam</strong></span> <span class='ocrx_word' id='word_1_172' title='bbox 652 3555 718 3641; x_wconf 89' lang='lat' dir='ltr'><strong>ipse</strong></span> <span class='ocrx_word' id='word_1_173' title='bbox 733 3561 902 3642; x_wconf 79' lang='lat' dir='ltr'><strong>elongatur</strong></span> <span class='ocrx_word' id='word_1_174' title='bbox 917 3559 957 3623; x_wconf 89' lang='lat' dir='ltr'><strong>ab</strong></span> <span class='ocrx_word' id='word_1_175' title='bbox 974 3560 1029 3636; x_wconf 86' lang='lat' dir='ltr'><strong>eis,</strong></span> <span class='ocrx_word' id='word_1_176' title='bbox 1045 3585 1083 3623; x_wconf 90' lang='lat' dir='ltr'><strong>eo</strong></span> <span class='ocrx_word' id='word_1_177' title='bbox 1102 3561 1188 3647; x_wconf 88' lang='lat' dir='ltr'><strong>quod</strong></span> <span class='ocrx_word' id='word_1_178' title='bbox 1205 3585 1260 3627; x_wconf 88' lang='lat' dir='ltr'><strong>cor</strong></span> <span class='ocrx_word' id='word_1_179' title='bbox 1273 3588 1384 3631; x_wconf 88' lang='lat' dir='ltr'><strong>eornm</strong></span> <span class='ocrx_word' id='word_1_180' title='bbox 1400 3568 1443 3633; x_wconf 86' lang='lat' dir='ltr'><strong>ab</strong></span> 
     </span>
     <span class='ocr_line' id='line_1_28' title="bbox 485 3659 1443 3753; baseline 0.009 -29"><span class='ocrx_word' id='word_1_181' title='bbox 485 3685 522 3724; x_wconf 90' lang='lat' dir='ltr'><strong>eo</strong></span> <span class='ocrx_word' id='word_1_182' title='bbox 538 3660 718 3745; x_wconf 82' lang='lat' dir='ltr'><strong>elongatum</strong></span> <span class='ocrx_word' id='word_1_183' title='bbox 741 3674 807 3724; x_wconf 82' lang='lat' dir='ltr'><strong>est:</strong></span> <span class='ocrx_word' id='word_1_184' title='bbox 834 3659 887 3723; x_wconf 87' lang='lat' dir='ltr'><strong>sed</strong></span> <span class='ocrx_word' id='word_1_185' title='bbox 910 3674 940 3723; x_wconf 88' lang='lat' dir='ltr'><strong>et</strong></span> <span class='ocrx_word' id='word_1_186' title='bbox 963 3662 1034 3746; x_wconf 87' lang='lat' dir='ltr'><strong>ipsa</strong></span> <span class='ocrx_word' id='word_1_187' title='bbox 1060 3685 1157 3747; x_wconf 88' lang='lat' dir='ltr'><strong>opera</strong></span> <span class='ocrx_word' id='word_1_188' title='bbox 1177 3686 1287 3728; x_wconf 90' lang='lat' dir='ltr'><strong>eorum</strong></span> <span class='ocrx_word' id='word_1_189' title='bbox 1316 3667 1443 3753; x_wconf 89' lang='lat' dir='ltr'><strong>dispeu-</strong></span> 
     </span>
     <span class='ocr_line' id='line_1_29' title="bbox 486 3762 1444 3853; baseline 0.008 -27"><span class='ocrx_word' id='word_1_190' title='bbox 486 3764 574 3827; x_wconf 88' lang='lat' dir='ltr'><strong>diurn</strong></span> <span class='ocrx_word' id='word_1_191' title='bbox 589 3764 699 3827; x_wconf 86' lang='lat' dir='ltr'><strong>salutis</strong></span> <span class='ocrx_word' id='word_1_192' title='bbox 709 3769 857 3840; x_wconf 86' lang='lat' dir='ltr'><strong>all&#39;erunt,</strong></span> <span class='ocrx_word' id='word_1_193' title='bbox 869 3777 900 3825; x_wconf 90' lang='lat' dir='ltr'><strong>et</strong></span> <span class='ocrx_word' id='word_1_194' title='bbox 915 3762 1166 3847; x_wconf 83' lang='lat' dir='ltr'><strong>Babyloniorum</strong></span> <span class='ocrx_word' id='word_1_195' title='bbox 1177 3765 1315 3853; x_wconf 84' lang='lat' dir='ltr'><strong>principi</strong></span> <span class='ocrx_word' id='word_1_196' title='bbox 1329 3769 1444 3834; x_wconf 78' lang='lat' dir='ltr'><strong>Satha-</strong></span> 
     </span>
     <span class='ocr_line' id='line_1_30' title="bbox 486 3864 1445 3953; baseline 0.011 -27"><span class='ocrx_word' id='word_1_197' title='bbox 486 3888 534 3926; x_wconf 83' lang='lat' dir='ltr'><strong>nac</strong></span> <span class='ocrx_word' id='word_1_198' title='bbox 544 3864 752 3927; x_wconf 83' lang='lat' dir='ltr'><strong>famulantur.</strong></span> <span class='ocrx_word' id='word_1_199' title='bbox 799 3866 914 3927; x_wconf 88' lang='lat' dir='ltr'><strong>Omnia</strong></span> <span class='ocrx_word' id='word_1_200' title='bbox 927 3864 1009 3927; x_wconf 90' lang='lat' dir='ltr'><strong>enim</strong></span> <span class='ocrx_word' id='word_1_201' title='bbox 1021 3889 1094 3950; x_wconf 80' lang='lat' dir='ltr'><strong>anu</strong></span> <span class='ocrx_word' id='word_1_202' title='bbox 1105 3868 1327 3934; x_wconf 87' lang='lat' dir='ltr'><strong>ostentationis</strong></span> <span class='ocrx_word' id='word_1_203' title='bbox 1341 3872 1445 3953; x_wconf 85' lang='lat' dir='ltr'><strong>gratia</strong></span> 
     </span>
     <span class='ocr_line' id='line_1_31' title="bbox 484 3966 1442 4054; baseline 0.014 -27"><span class='ocrx_word' id='word_1_204' title='bbox 484 3968 577 4043; x_wconf 81' lang='lat' dir='ltr'><strong>finnt,</strong></span> <span class='ocrx_word' id='word_1_205' title='bbox 594 3966 838 4048; x_wconf 81' lang='lat' dir='ltr'><strong>proficiscuntur</strong></span> <span class='ocrx_word' id='word_1_206' title='bbox 858 3968 889 4029; x_wconf 91' lang='lat' dir='ltr'><strong>in</strong></span> <span class='ocrx_word' id='word_1_207' title='bbox 906 3982 1050 4035; x_wconf 88' lang='lat' dir='ltr'><strong>mortem.</strong></span> <span class='ocrx_word' id='word_1_208' title='bbox 1099 3972 1224 4054; x_wconf 83' lang='lat' dir='ltr'><strong>Regum</strong></span> <span class='ocrx_word' id='word_1_209' title='bbox 1252 3988 1360 4038; x_wconf 89' lang='lat' dir='ltr'><strong>narrat</strong></span> <span class='ocrx_word' id='word_1_210' title='bbox 1377 3975 1442 4041; x_wconf 90' lang='lat' dir='ltr'><strong>his·</strong></span> 
     </span>
     <span class='ocr_line' id='line_1_32' title="bbox 483 4062 1442 4160; baseline 0.018 -34"><span class='ocrx_word' id='word_1_211' title='bbox 483 4062 572 4139; x_wconf 88' lang='lat' dir='ltr'><strong>toria,</strong></span> <span class='ocrx_word' id='word_1_212' title='bbox 583 4062 670 4148; x_wconf 90' lang='lat' dir='ltr'><strong>quod</strong></span> <span class='ocrx_word' id='word_1_213' title='bbox 683 4088 781 4148; x_wconf 89' lang='lat' dir='ltr'><strong>quum</strong></span> <span class='ocrx_word' id='word_1_214' title='bbox 797 4069 953 4132; x_wconf 76' lang='lat' dir='ltr'><strong>Ezechias</strong></span> <span class='ocrx_word' id='word_1_215' title='bbox 966 4092 1021 4133; x_wconf 88' lang='lat' dir='ltr'><strong>rex</strong></span> <span class='ocrx_word' id='word_1_216' title='bbox 1034 4070 1230 4136; x_wconf 89' lang='lat' dir='ltr'><strong>Hierusalem</strong></span> <span class='ocrx_word' id='word_1_217' title='bbox 1244 4096 1303 4160; x_wconf 90' lang='lat' dir='ltr'><strong>per</strong></span> <span class='ocrx_word' id='word_1_218' title='bbox 1311 4098 1442 4143; x_wconf 90' lang='lat' dir='ltr'><strong>rnauum</strong></span> 
     </span>
     <span class='ocr_line' id='line_1_33' title="bbox 484 4165 1443 4254; baseline 0.017 -26"><span class='ocrx_word' id='word_1_219' title='bbox 484 4166 589 4228; x_wconf 83' lang='lat' dir='ltr'><strong>Esaiae</strong></span> <span class='ocrx_word' id='word_1_220' title='bbox 612 4165 667 4228; x_wconf 83' lang='lat' dir='ltr'><strong>lilii</strong></span> <span class='ocrx_word' id='word_1_221' title='bbox 693 4171 789 4229; x_wconf 79' lang='lat' dir='ltr'><strong>Amos</strong></span> <span class='ocrx_word' id='word_1_222' title='bbox 816 4169 941 4254; x_wconf 76' lang='lat' dir='ltr'><strong>signum</strong></span> <span class='ocrx_word' id='word_1_223' title='bbox 967 4173 1195 4237; x_wconf 88' lang='lat' dir='ltr'><strong>incolumitatis</strong></span> <span class='ocrx_word' id='word_1_224' title='bbox 1224 4188 1256 4240; x_wconf 87' lang='lat' dir='ltr'><strong>et</strong></span> <span class='ocrx_word' id='word_1_225' title='bbox 1279 4178 1395 4245; x_wconf 86' lang='lat' dir='ltr'><strong>salutis</strong></span> <span class='ocrx_word' id='word_1_226' title='bbox 1423 4205 1443 4244; x_wconf 91' lang='lat' dir='ltr'><strong>a</strong></span> 
     </span>
    </p>
   </div>
   <div class='ocr_carea' id='block_1_5' title="bbox 482 4266 1442 4465">
    <p class='ocr_par' dir='ltr' id='par_1_5' title="bbox 482 4266 1442 4465">
     <span class='ocr_line' id='line_1_34' title="bbox 482 4266 1442 4358; baseline 0.019 -32"><span class='ocrx_word' id='word_1_227' title='bbox 482 4267 620 4329; x_wconf 90' lang='lat' dir='ltr'><strong>Domino</strong></span> <span class='ocrx_word' id='word_1_228' title='bbox 632 4266 812 4352; x_wconf 87' lang='lat' dir='ltr'><strong>accepisset,</strong></span> <span class='ocrx_word' id='word_1_229' title='bbox 826 4270 938 4333; x_wconf 87' lang='lat' dir='ltr'><strong>umbra</strong></span> <span class='ocrx_word' id='word_1_230' title='bbox 948 4271 1103 4358; x_wconf 81' lang='lat' dir='ltr'><strong>horologii</strong></span> <span class='ocrx_word' id='word_1_231' title='bbox 1116 4288 1289 4340; x_wconf 82' lang='lat' dir='ltr'><strong>retrorsum</strong></span> <span class='ocrx_word' id='word_1_232' title='bbox 1305 4280 1442 4347; x_wconf 86' lang='lat' dir='ltr'><strong>cedente</strong></span> 
     </span>
     <span class='ocr_line' id='line_1_35' title="bbox 482 4367 1441 4465; baseline 0.017 -34"><span class='ocrx_word' id='word_1_233' title='bbox 482 4367 588 4431; x_wconf 85' lang='lat' dir='ltr'><strong>decem</strong></span> <span class='ocrx_word' id='word_1_234' title='bbox 597 4369 760 4452; x_wconf 63' lang='lat' dir='ltr'><strong>gradibus</strong></span> <span class='ocrx_word' id='word_1_235' title='bbox 774 4370 860 4454; x_wconf 87' lang='lat' dir='ltr'><strong>quod</strong></span> <span class='ocrx_word' id='word_1_236' title='bbox 874 4385 999 4434; x_wconf 86' lang='lat' dir='ltr'><strong>naturae</strong></span> <span class='ocrx_word' id='word_1_237' title='bbox 1009 4373 1327 4457; x_wconf 86' lang='lat' dir='ltr'><strong>videturudversum,</strong></span> <span class='ocrx_word' id='word_1_238' title='bbox 1338 4404 1441 4465; x_wconf 91' lang='lat' dir='ltr'><strong>quum</strong></span> 
     </span>
    </p>
   </div>
   <div class='ocr_carea' id='block_1_6' title="bbox 0 0 1938 5467">
    <p class='ocr_par' dir='ltr' id='par_1_6' title="bbox 0 0 1938 5467">
     <span class='ocr_line' id='line_1_36' title="bbox 0 0 1938 5467; baseline 0 3"><span class='ocrx_word' id='word_1_239' title='bbox 0 0 1938 5467; x_wconf 95' lang='lat' dir='ltr'><strong> </strong></span> 
     </span>
    </p>
   </div>
  </div>
 </body>
</html>
