3867 5467
613 713 655 771 98
871 723 1007 768 scissis
1023 720 1301 767 sarusaaarausrs
1417 703 1504 786 [ara.
1521 723 1578 770 tur.

615 898 690 939 reru
705 887 780 938 srrnt
790 874 930 939 obnoxia
943 873 1056 949 motui,
1070 896 1131 936 non
1147 871 1277 959 quidem
1293 886 1381 950 sunt,
1394 874 1452 940 aed
1470 875 1574 939 riden-

614 990 668 1060 tur
679 998 759 1051 esse,
770 990 801 1041 et
815 998 1017 1061 nequaquam
1032 987 1171 1051 manent,
1182 974 1236 1038 sed
1244 974 1369 1060 jugiter
1379 992 1572 1041 evanescunt

611 1093 644 1143 et
663 1079 807 1164 fugiunt,
823 1102 879 1142 nec
900 1091 1071 1164 expectant
1093 1077 1347 1163 appellationem.
1386 1080 1471 1144 Sunt
1495 1101 1572 1166 ρη-

612 1193 699 1245 terea
719 1180 890 1246 Platonicis
912 1193 944 1243 et
970 1179 1086 1243 nostris
1108 1178 1210 1243 multa
1231 1180 1425 1257 communia,
1447 1195 1485 1245 ut
1511 1182 1570 1245 sint

611 1284 740 1347 omnino
756 1282 996 1358 inexcusabiles,
1007 1282 1084 1345 dum
1102 1281 1265 1346 veritatem
1281 1282 1342 1345 Dei
1357 1282 1389 1345 in
1408 1282 1570 1347 mendacio

612 1386 767 1451 detinent.
814 1387 954 1470 Magnus
976 1396 1065 1468 pater
1089 1383 1291 1466 Augustinus
1312 1398 1429 1449 auctor
1448 1399 1508 1465 est,
1529 1385 1568 1464 (si

613 1503 718 1552 tamen
749 1511 823 1571 quae
850 1487 910 1550 sub
940 1485 1067 1548 nomine
1092 1486 1162 1569 ejus
1189 1499 1342 1571 concepta
1367 1485 1444 1571 legi,
1469 1486 1569 1551 recolo

612 1589 761 1666 fideliter)
788 1588 875 1673 quod
903 1587 933 1650 in
957 1586 1046 1649 libris
1069 1586 1303 1650 Platonicorum
1325 1587 1495 1653 inventum
1518 1589 1568 1664 sit,

609 1690 698 1775 quod
713 1691 823 1754 beatus
836 1689 1044 1773 Evangelista
1053 1687 1212 1752 Jolrannes
1223 1687 1567 1767 altiuscoelointonuit,

610 1804 643 1854 et
670 1790 872 1874 ultraquam
896 1788 1037 1851 bumana
1060 1810 1147 1851 mens
1173 1789 1333 1875 percipere
1359 1806 1470 1875 queat,
1497 1793 1566 1856 licet

611 1892 697 1957 auris
714 1906 880 1976 utcunque
892 1892 991 1973 possit
1006 1891 1127 1954 audire.
1161 1893 1330 1954 Inventum
1347 1905 1408 1969 est,
1423 1894 1566 1980 inquam,

611 1993 698 2078 quod
711 1993 756 2057 ait
768 1993 809 2055 ab
821 1993 911 2054 initio
924 1992 1107 2075 Evangelii:
1128 1994 1166 2056 ln
1180 1992 1335 2078 principio
1343 2008 1411 2059 erat
1425 1997 1566 2075 verbum,

610 2099 669 2159 &o
687 2118 788 2181 usque
803 2093 842 2155 ad
856 2094 959 2156 locum
976 2116 1043 2179 quo
1057 2094 1119 2157 ait:
1145 2096 1189 2158 Et
1205 2093 1261 2157 lux
1278 2098 1309 2158 in
1323 2097 1463 2161 tenebris
1475 2097 1567 2178 lucet,

610 2211 641 2260 et
659 2198 797 2261 tenebrae
812 2217 879 2258 eam
898 2218 958 2257 uon
976 2194 1292 2280 comprehenderunt.
1338 2198 1411 2281 Ego
1427 2199 1568 2285 quidem,

610 2299 671 2363 uisi
694 2299 725 2361 in
753 2312 879 2384 patrum
903 2296 1029 2382 scriptis
1051 2298 1220 2379 legeretur,
1245 2320 1449 2384 nequaquam
1473 2301 1565 2366 alicui

608 2400 785 2464 infidelium
806 2422 987 2462 concessum
1011 2401 1182 2471 crederem,
1200 2412 1237 2463 ut
1258 2423 1293 2461 os
1315 2400 1346 2463 in
1366 2414 1467 2467 tantae
1488 2405 1566 2468 lucis

607 2502 769 2567 oraculum
783 2502 930 2588 aperiret,
943 2524 1039 2585 quam
1055 2500 1168 2564 oculus
1184 2500 1363 2565 mundanus
1375 2525 1439 2566 oon
1451 2504 1565 2571 sufficit

609 2606 736 2670 intueri.
783 2608 1008 2691 Apostolorum
1031 2615 1134 2667 tamen
1155 2615 1188 2666 et
1203 2603 1428 2670 familiaritatis
1446 2607 1565 2676 intimo

608 2709 813 2793 privilegium
838 2706 988 2782 adstruit,
1005 2705 1089 2791 quod
1116 2705 1245 2770 verbum
1269 2706 1343 2770 fidei
1366 2707 1443 2771 boni
1463 2713 1567 2797 operia

609 2809 842 2895 perseverantia
858 2808 1042 2884 illustravit,
1056 2830 1155 2891 quum
1172 2806 1351 2893 philosophi
1367 2815 1567 2906 evanuerint,

607 2930 669 2969 non
684 2907 778 2969 modo
788 2907 819 2968 iu
833 2904 1090 2989 cogitationibus,
1102 2908 1155 2971 sed
1168 2909 1317 2992 operibus
1330 2910 1406 2975 suis.
1431 2903 1565 3001 Scripsit

607 3009 705 3072 libros
720 3007 885 3093 plurimos,
900 3020 932 3069 et
953 3006 1075 3092 politici
1093 3007 1228 3072 hominis
1246 3009 1358 3073 merita
1372 3020 1565 3101 contempla·

605 3110 729 3173 tionum
755 3107 913 3191 repressit,
932 3121 963 3171 et
985 3109 1258 3193 contemplationis
1279 3134 1409 3176 acumen
1432 3117 1565 3182 actionis

607 3210 774 3274 necessitas
790 3231 850 3270 non
867 3208 1016 3273 extinxit.
1049 3210 1081 3272 Si
1099 3210 1188 3289 liber,
1202 3212 1260 3296 qui
1275 3212 1315 3277 de
1329 3214 1482 3298 dogmate
1497 3218 1565 3303 ejus

605 3323 663 3384 est,
687 3309 914 3386 contemnitur,
930 3313 961 3373 in
985 3309 1112 3372 laudem
1133 3311 1203 3396 ejus
1219 3311 1380 3397 Origines,
1405 3316 1565 3403 Hierony·

605 3436 687 3493 mus,
713 3411 911 3494 Augustinus
929 3410 1070 3474 omniurn
1095 3413 1355 3498 philosophorum
1379 3416 1565 3484 adtestatio-

605 3515 698 3579 nibus
714 3514 786 3578 freti
809 3513 983 3578 sufficiunt.
1026 3513 1077 3576 De
1101 3528 1201 3579 morte
1216 3516 1284 3600 ejus
1306 3515 1424 3580 diversi
1439 3518 1563 3584 diversa

603 3619 816 3705 scripserunt,
845 3615 899 3679 sed
923 3612 1122 3702 probabilius
1139 3631 1187 3680 est
1202 3639 1287 3695 eum,
1302 3617 1358 3705 qui
1380 3616 1564 3687 innoeeuter

603 3722 738 3795 vixerat,
761 3734 793 3783 et
820 3718 1029 3803 philosophia¹
1052 3730 1213 3802 praecepta
1235 3740 1293 3802 pro
1316 3719 1436 3785 ritibus
1458 3722 1562 3787 luerat

602 3822 775 3891 insecutus,
793 3822 890 3879 vitam
908 3819 987 3879 risui
1004 3839 1065 3879 non
1082 3818 1219 3882 cessisse.
1265 3822 1348 3882 Nam
1365 3820 1452 3905 quod
1469 3821 1511 3886 de
1525 3845 1562 3885 eo

604 3917 747 3980 nonnulli
771 3914 914 3988 tradunt,
930 3916 1008 3998 quia
1032 3918 1223 3980 verecundia
1243 3934 1348 3983 motus
1370 3921 1474 3987 emisit
1499 3925 1562 4009 api·

603 4019 713 4094 ritum,
728 4039 764 4078 eo
786 4014 872 4098 quod
889 4030 1056 4081 nautarum
1074 4020 1267 4105 propositam
1292 4044 1353 4085 non
1372 4025 1477 4106 potuit
1503 4026 1563 4090 sol·

600 4141 672 4180 vere
688 4116 908 4203 quaestionem,
924 4132 1048 4181 constat
1065 4121 1199 4185 nominis
1214 4146 1319 4186 errore
1334 4127 1558 4214 compositum.

600 4218 763 4305 Quicquid
788 4216 870 4280 euim
895 4216 934 4280 de
957 4242 994 4281 eo
1016 4221 1203 4285 Graecorum
1227 4228 1405 4309 loquuntur
1428 4229 1560 4306 fabulae,

600 4322 660 4392 hoc
673 4321 712 4385 de
726 4324 880 4402 Homero,
892 4342 952 4386 non
969 4320 1100 4392 l‘latonc
1114 4323 1260 4388 Valerius
1274 4327 1440 4393 Maximus
1455 4330 1563 4395 refert.
