3867 5467
583 753 647 812 210
817 762 955 807 roansrs
972 760 1252 807 sannsunuruxsrs
1368 743 1454 824 [cru.
1474 765 1548 812 vrri.

621 914 678 968 Nec
690 919 763 966 sunt:
781 914 829 965 hos
840 917 987 965 consector:
1006 909 1078 962 hisce
1091 928 1141 978 ego
1153 928 1203 962 non
1216 928 1278 981 paro
1290 929 1334 965 me
1344 919 1377 966 nt
1387 914 1511 968 rideant:

621 1001 673 1053 Sed
686 1000 728 1051 bis
741 998 808 1051 ultro
820 999 929 1062 arrideo,
942 1003 1068 1050 eteorum
1079 998 1186 1064 ingenia
1197 998 1311 1051 admiror
1322 1000 1415 1054 simul.

621 1084 751 1153 Quicquid
764 1083 863 1145 dieunt,
875 1080 968 1145 laud0;
985 1081 1013 1132 id
1024 1098 1125 1132 rursum
1137 1082 1160 1132 si
1171 1088 1278 1149 negant,
1290 1082 1373 1137 laudo
1384 1085 1414 1137 id
1425 1104 1539 1156 quoque.

621 1172 712 1238 Negat
724 1171 790 1237 quis,
802 1185 885 1235 nego:
905 1169 952 1231 ait,
964 1168 1023 1219 aio:
1043 1173 1173 1238 postremo
1184 1168 1309 1239 imperavi
1320 1179 1431 1237 egomet
1443 1173 1511 1226 mihi

621 1257 718 1308 Omnia
729 1256 865 1318 assentari,
877 1255 900 1305 is
912 1261 1025 1321 quastus
1036 1271 1104 1305 nunc
1117 1260 1158 1305 est
1168 1253 1249 1307 multo
1260 1255 1419 1309 uberrimus.

584 1345 750 1412 Talem-ne
766 1343 874 1405 vidisti
889 1340 1029 1405 alicubi?
1055 1341 1126 1404 Imo
1140 1364 1197 1404 nee
1213 1344 1400 1429 quempiam
1413 1346 1545 1412 illorum

585 1449 642 1537 qui
672 1447 777 1511 felices
802 1469 867 1508 esse
891 1443 1052 1520 videntur,
1076 1445 1142 1508 sine
1168 1444 1353 1530 hujusmodi
1382 1452 1546 1537 mancipio

584 1554 753 1638 agnovisti,
767 1547 910 1631 adeoque
926 1545 1038 1609 scitum
1063 1546 1221 1611 hominem
1245 1547 1370 1635 ubique
1394 1554 1544 1638 reperies,

582 1657 638 1737 qui
653 1656 795 1717 homines
808 1672 848 1713 ec
862 1650 980 1728 stultis,
997 1661 1032 1712 ut
1048 1650 1094 1712 ait
1114 1652 1279 1725 Parmeno,
1293 1672 1436 1733 prorsus
1455 1657 1544 1719 inso-

581 1757 758 1838 nocfaciet.
805 1751 887 1816 Vide
901 1764 933 1815 et
949 1750 1028 1836 quid
1045 1750 1085 1814 de
1100 1774 1132 1814 se
1147 1751 1261 1815 sentiat
1278 1754 1422 1820 Thraso.

1085 1851 1169 1915 Istud,
1181 1853 1272 1920 inquit,
1286 1859 1328 1906 est
1339 1854 1436 1909 dacum

620 1940 748 2004 Profecto,
761 1947 791 1991 ut
803 1945 879 2006 grata
891 1939 955 1991 mihi
968 1940 1022 1991 sint
1034 1955 1092 2007 quae
1104 1938 1171 1991 facio
1183 1940 1286 1991 omnia:

970 2023 1023 2077 Vel
1035 2043 1083 2077 rex
1096 2042 1197 2096 semper
1208 2028 1339 2079 maximas

618 2111 686 2163 Mihi
698 2112 794 2178 egebat
806 2112 914 2178 gratias,
927 2111 1048 2179 quicquid
1059 2110 1180 2163 feceram.
1216 2111 1286 2164 Aliis
1299 2103 1350 2165 n'on
1364 2115 1440 2168 item.

618 2198 665 2250 Ille
677 2215 776 2269 semper
787 2197 902 2248 habebat
914 2199 940 2248 in
953 2196 1043 2260 oeulis,
1056 2214 1158 2249 omnem
1169 2197 1292 2251 credebat
1304 2203 1465 2265 exereitum,

617 2283 741 2348 Consilia,
754 2295 780 2336 et
793 2284 836 2335 ubi
850 2302 909 2336 eum
922 2284 1030 2335 satietas

617 2371 768 2435 Hominum,
781 2377 827 2422 aut
838 2370 938 2436 negotii
950 2370 972 2421 si
985 2368 1088 2437 quando
1099 2368 1188 2421 odium
1201 2377 1313 2441 ceperat,

828 2456 1003 2523 Requiescere
1016 2455 1059 2507 ubi
1072 2453 1186 2507 volebat.

617 2540 672 2592 Ubi
681 2540 753 2593 illam
766 2551 891 2611 expueret
901 2540 1031 2591 miseriam
1039 2556 1073 2590 ex
1083 2539 1179 2602 animo,

614 2627 684 2679 Tum
696 2646 737 2679 mc
749 2628 880 2679 convivam
892 2624 976 2678 solum
989 2625 1134 2677 abducebat
1144 2625 1202 2677 sibi.

823 2711 944 2764 Invidere
956 2729 1046 2763 omnes
1058 2710 1140 2762 milri:

615 2798 737 2851 Mordere
749 2797 902 2860 clanculum,
914 2815 963 2864 ego
977 2797 1048 2848 flocci
1058 2797 1180 2867 pendere.

614 2885 656 2938 llli
669 2886 784 2937 invidere
797 2885 899 2936 misere.

577 2977 651 3058 Ego
680 2972 759 3037 alios
788 2972 892 3057 palam
924 2970 1207 3056 reprehendebam,
1232 2971 1309 3037 alios
1339 2977 1534 3045 mordaciter

574 3075 756 3154 irridebam,
772 3087 807 3138 ut

821 3176 873 3226 risu
885 3180 1061 3226 emorerentur
1072 3192 1163 3227 omnes
1172 3176 1216 3244 qul
1228 3174 1345 3229 aderant.

646 3260 768 3327 Denique
781 3259 933 3311 metuebant
945 3276 1034 3311 omnes
1043 3259 1100 3329 jam
1110 3277 1162 3313 me.

575 3346 723 3410 Profecto
746 3368 880 3428 mugnus
911 3345 961 3407 liic
984 3358 1031 3409 est
1054 3346 1085 3408 in
1109 3346 1208 3411 oculis
1230 3347 1307 3423 suis,
1330 3361 1362 3413 et
1386 3373 1450 3417 non
1481 3368 1528 3420 est

573 3450 603 3511 ei
619 3445 730 3511 similis
750 3445 780 3508 in
798 3458 866 3509 tota
889 3445 1064 3511 Comoedia.
1110 3447 1238 3533 Dignus
1253 3461 1300 3512 est
1315 3472 1394 3537 ergo
1409 3454 1466 3541 qui
1482 3454 1529 3520 in·

573 3549 771 3614 tromittatur
793 3548 833 3611 ad
851 3547 1019 3622 Thaidem,
1041 3548 1170 3611 excluso
1186 3549 1345 3629 Plraedria,
1367 3554 1475 3640 quiin
1491 3579 1529 3622 ea

572 3675 634 3717 non
652 3655 757 3716 minus
779 3651 906 3714 insanit.
952 3649 1049 3713 Dolet
1069 3648 1228 3725 exclusus,
1244 3673 1264 3713 a
1279 3674 1370 3715 servo
1392 3654 1528 3721 docetur

570 3755 686 3830 sobrio,
711 3768 745 3818 ut
769 3755 894 3816 recedat
917 3774 936 3814 a
959 3749 1136 3824 meretrice,
1167 3750 1315 3836 bonoque
1345 3752 1385 3817 sit
1409 3757 1528 3835 auimo,

568 3856 693 3944 quinci
716 3855 755 3917 ad
779 3856 884 3938 ignem
909 3851 1086 3927 accesserit,
1110 3855 1243 3916 calescet
1267 3856 1340 3939 plus
1357 3858 1446 3938 satis,
1467 3882 1526 3924 nee

568 3958 710 4043 patiatur
729 3954 937 4019 contumelias
961 3955 1177 4028 meretricum,
1198 3976 1272 4038 quae
1297 3977 1361 4020 uun
1382 3958 1455 4025 falsi
1482 3961 1527 4027 la·

568 4053 736 4132 chrimula,
750 4077 844 4139 qnam
862 4055 971 4119 oculos
987 4057 1098 4119 misere
1121 4055 1261 4132 terendo,
1278 4059 1332 4121 vix
1349 4058 1380 4122 vi
1395 4084 1526 4149 expres.

566 4158 676 4235 serint,
692 4157 883 4239 restringent
898 4157 1034 4220 unientis
1050 4158 1158 4237 bilem,
1178 4172 1210 4222 et
1232 4158 1316 4224 ultro
1337 4179 1524 4232 accusantes

565 4257 598 4324 id
623 4271 727 4340 agent,
746 4273 782 4320 ut
805 4256 986 4321 ultroneum
1011 4257 1202 4344 supplicium
1226 4274 1388 4346 praestent.
1438 4265 1521 4331 Nam

563 4358 722 4448 supienter
744 4381 848 4423 amare
871 4382 963 4422 nemo
986 4359 1110 4424 facilius
1133 4374 1249 4446 potest,
1273 4384 1368 4446 quam
1395 4365 1522 4432 rarione
