3867 5467
603 750 663 811 180
864 768 1002 812 romnus
1018 768 1298 814 sannsnumansrs
1348 813 1355 822 ,
1402 752 1488 831 [un.
1508 775 1566 819 vn.

601 915 742 991 fusionis,
773 918 903 1001 quando
934 942 989 1002 per·
1018 918 1234 982 admirabilem
1265 921 1469 985 clementiam
1505 924 1565 986 Dei

602 1018 701 1081 virtus
716 1019 785 1102 ejus
805 1018 921 1082 clarius
941 1019 1117 1083 innotescit.
1165 1021 1227 1083 Sed
1247 1033 1324 1085 tunc
1342 1023 1563 1108 imprudentis

600 1133 648 1182 eat
663 1119 834 1195 exsultare,
850 1121 927 1205 qnia
937 1122 970 1184 hi
986 1143 1047 1185 non
1061 1120 1156 1184 modo
1171 1123 1308 1207 suspecti
1322 1123 1465 1189 habendi
1477 1139 1562 1204 sunt,

600 1220 654 1282 sed
671 1224 760 1306 quasi
784 1220 889 1283 hostes
905 1222 1158 1305 perniciosissimi
1181 1222 1356 1287 studiosius
1378 1225 1560 1304 devitandi,

600 1322 678 1408 qnia
694 1323 824 1386 timendi
838 1336 912 1386 sunt
929 1324 1024 1386 etiam
1037 1347 1137 1408 quum
1151 1324 1235 1389 dona
1246 1326 1365 1392 lerunt.
1406 1327 1474 1402 Qui
1484 1354 1560 1416 ergo

580 1436 740 1506 ¹aromata
755 1423 909 1486 bonorum
931 1445 1074 1507 operum,
1093 1424 1220 1488 virtutis
1235 1448 1362 1503 aurum,
1384 1444 1555 1514 argentum

599 1525 800 1610 eloquentiae,
815 1525 1044 1607 cogitationum
1062 1526 1235 1611 pigmenta,
1254 1542 1422 1611 unguenta
1437 1531 1556 1594 miseri-

599 1628 725 1702 cordiae,
748 1641 780 1689 et
812 1625 994 1691 utensilium
1018 1650 1148 1691 suorum
1172 1628 1391 1712 aptitudinem
1416 1646 1554 1698 ostentat

598 1740 630 1791 et
653 1729 809 1803 decorem,
832 1729 904 1793 etsi
927 1752 993 1814 qua
1014 1730 1045 1792 in
1064 1730 1221 1795 thesauris
1244 1731 1336 1795 bonae
1351 1735 1554 1799 conscientiae

598 1831 722 1895 cautius
736 1844 768 1894 et
782 1831 893 1895 utilius
908 1845 1119 1916 reponuntur,
1134 1832 1244 1897 audiat
1261 1834 1396 1898 verbum
1410 1836 1553 1914 Domini,

598 1932 741 2018 sciatque
754 1956 812 2017 pro
823 1948 921 2007 certo,
931 1935 1202 2019 quiaomniaquae
1212 1935 1350 2000 militare
1359 1937 1555 2004 videbantur

597 2032 637 2096 ad
660 2034 804 2115 gloriam,
826 2036 1018 2100 confusionis
1033 2035 1238 2121 stipendium,
1260 2051 1293 2101 et
1309 2038 1424 2103 mortis
1443 2063 1552 2125 accep

597 2146 670 2197 tura
686 2148 771 2199 sunt.
818 2140 958 2221 Ipsaque
973 2140 1067 2200 etiarn
1091 2136 1226 2200 filiorum
1251 2139 1421 2215 successio,
1447 2142 1552 2227 Baby·

596 2235 751 2301 loniorum
763 2252 919 2301 castratur
931 2236 1078 2322 principi,
1090 2238 1167 2323 quia
1179 2260 1215 2300 ea
1228 2261 1302 2322 quae
1312 2237 1391 2303 alias
1402 2242 1552 2307 meritum

596 2340 723 2404 virtutis
748 2340 865 2404 habent
885 2353 917 2404 et
935 2341 1088 2416 fructum,
1104 2338 1182 2402 dum
1204 2338 1306 2403 inanis
1324 2339 1438 2425 gloriae
1457 2367 1552 2408 causa

596 2443 689 2518 fiunt,
705 2443 831 2507 inutilia
846 2455 920 2506 sunt
932 2442 1064 2506 auctori.
1095 2443 1119 2503 J
1122 2453 1212 2504 uetus
1223 2442 1305 2505 enim
1319 2459 1550 2526 remunerator,

596 2543 779 2630 hypocritas
795 2549 928 2630 spernit,
944 2558 976 2608 ct
993 2544 1090 2607 solius
1112 2542 1254 2607 veritatis
1269 2544 1301 2607 in
1323 2544 1410 2611 bono
1425 2548 1548 2614 cultum

595 2659 750 2732 acceptat,
773 2649 865 2733 cujus
887 2645 971 2710 oculi
995 2643 1083 2708 nullo
1105 2643 1191 2719 fuco,
1215 2643 1302 2709 nulla
1326 2646 1450 2713 malitia
1471 2672 1550 2735 prae·

594 2749 706 2833 stringi
723 2765 865 2835 possunt,
879 2750 957 2834 quia
973 2747 1060 2811 videt
1075 2748 1108 2809 in
1121 2743 1249 2823 abditis,
1266 2761 1298 2811 et
1313 2750 1461 2815 cordium
1478 2773 1548 2836 pro-

593 2851 693 2914 funda
709 2866 880 2917 scrutatur.
926 2849 1053 2937 Species
1068 2849 1218 2913 discernit
1234 2873 1253 2912 a
1267 2850 1376 2930 rebus,

768 2970 863 3038 Nequa
875 2970 923 3022 sub
936 2973 1016 3020 aerato
1028 2966 1180 3018 mendosum
1194 2966 1290 3017 tinniat
1302 2983 1373 3019 auro.

593 3072 690 3136 Unde
719 3087 751 3136 et
778 3070 981 3158 Hyprocrisis
1011 3090 1123 3132 nomen
1150 3071 1284 3152 accepit,
1310 3092 1385 3154 qnae
1416 3072 1545 3159 quidem

593 3175 826 3258 Epicureorum
843 3172 1024 3236 indubitata
1039 3169 1157 3255 species
1172 3182 1229 3232 est.

594 3343 673 3427 Cap.
691 3350 743 3407 28.
769 3345 862 3411 Qatod
907 3343 1163 3417 carthusienses,
1200 3343 1279 3404 dum
1318 3345 1548 3411 moderationis

636 3444 770 3508 habenis
810 3445 982 3506 auaritiam
1023 3444 1177 3516 anteibant,
1213 3451 1244 3506 et
1282 3448 1395 3527 maqni
1431 3450 1548 3512 montis

634 3568 717 3611 nouo
731 3549 851 3629 relipa'o,
868 3547 944 3608 dum
959 3548 1068 3608 omnio
1092 3546 1263 3606 mundano
1284 3552 1502 3627 contemnens,
1516 3557 1547 3613 et

634 3652 674 3714 de
689 3653 828 3714 crastino
847 3669 911 3712 non
928 3649 1074 3728 cogitans
1088 3648 1215 3727 repellit
1233 3648 1352 3722 omnio,
1369 3652 1543 3713 omritiam

632 3754 785 3828 excludit,
802 3753 841 3814 ab
858 3750 1112 3832 Hypocritorum
1134 3758 1211 3811 nota
1227 3754 1258 3811 et
1271 3752 1402 3812 nomine
1417 3751 1546 3833 arigim

632 3856 763 3917 aberent:
781 3862 811 3916 et
826 3857 882 3933 qui
896 3860 975 3915 enni
988 3853 1148 3914 aeciam-res
1163 3856 1223 3911 out
1238 3852 1397 3930 religioei:
1421 3863 1452 3916 et
1466 3875 1543 3936 quoe

632 3958 756 4034 regalia
780 3957 967 4028 activorum,
991 3962 1020 4014 et
1038 3972 1114 4032 quae
1134 3957 1328 4014 ociosorum:
1351 3959 1382 4015 et
1404 3957 1478 4035 qun
1502 3958 1545 4019 itt

619 4057 707 4137 finis
725 4055 941 4136 Hypoeriseoa.

629 4176 901 4238 Hi'eocturanun
922 4186 1028 4236 autem
1046 4195 1157 4235 nornen
1173 4184 1205 4235 et
1229 4184 1335 4235 notam
1357 4171 1543 4239 cautissime

587 4288 617 4339 et
629 4274 972 4339 fidelissimedeclinant
981 4274 1231 4351 Carthnsienses‚
1242 4286 1273 4337 et
1289 4274 1403 4359 Magni
1417 4278 1543 4343 Montis

584 4401 666 4443 nova
682 4377 845 4464 professio,
860 4378 891 4441 in
908 4378 1048 4462 antiqnae
1065 4377 1193 4440 virtutis
1214 4377 1362 4452 culmine,
1379 4376 1542 4444 salvatore
