3867 5467
494 799 499 810 ·
584 764 647 832 224
844 780 979 825 solutus
995 777 1275 825 emmeramensis
1367 764 1459 839 [nra.
1477 783 1548 827 vrn.

586 949 706 1012 tantur,
722 934 849 1019 subjicit
866 933 1001 1005 animus,
1017 949 1049 993 et
1064 930 1153 1016 quod
1173 934 1206 995 in
1221 931 1267 995 eis
1282 932 1476 1014 jucundum
1492 948 1550 1008 est,

587 1057 626 1098 ne
643 1032 783 1112 redeant,
802 1034 898 1118 jubet
922 1030 1083 1096 abscondi.
1103 1008 1143 1096 s
1130 1030 1225 1096 Dicat
1250 1032 1436 1117 Apostolus
1459 1035 1547 1119 quod

585 1135 731 1215 voluerit,
746 1134 822 1221 quia
847 1134 1084 1198 fornicationem
1107 1133 1227 1214 fugere,
1243 1147 1276 1198 et
1299 1133 1392 1219 gulae
1417 1135 1548 1210 servire,

583 1250 640 1300 aut
655 1237 784 1300 omnino
802 1236 1006 1323 impossibile,
1022 1248 1079 1299 aut
1103 1234 1324 1299 difficillimum
1352 1259 1412 1301 est.
1463 1241 1544 1302 Nam

583 1351 615 1403 et
626 1339 680 1403 illa
692 1361 765 1425 pars
775 1337 872 1426 gulae,
885 1361 957 1423 quae
969 1337 1095 1422 corpori
1107 1336 1187 1400 vires
1199 1336 1322 1416 adimit,
1335 1359 1544 1426 nequaquam

584 1442 727 1505 moeclriae
753 1464 866 1527 expers
891 1454 948 1504 est.
996 1440 1148 1502 Venerem
1176 1439 1327 1504 Bacchus
1353 1440 1544 1526 plerumque

588 1556 764 1629 expugnat,
780 1556 812 1606 et
836 1545 988 1607 tamenin
1015 1540 1129 1604 sacello
1146 1542 1321 1626 voluptatis
1347 1543 1479 1607 nemine
1502 1566 1545 1606 re·

586 1645 741 1709 clamante
758 1646 959 1709 conveniunt.
1007 1644 1039 1705 Si
1063 1643 1209 1708 Bacchus
1232 1643 1427 1721 obtinuerit,
1446 1647 1542 1709 Vene-

587 1768 664 1823 rem,
681 1769 743 1809 non
760 1745 954 1832 voluptatem
979 1745 1148 1829 extinguit.
1193 1750 1259 1811 Aut
1282 1745 1374 1810 nulla
1396 1747 1544 1824 ebrietas,

588 1861 645 1911 aut
662 1861 751 1912 tanta
766 1848 815 1924 sit,
833 1861 869 1911 ut
894 1847 951 1913 tibi
980 1848 1062 1910 vires
1086 1850 1220 1934 eripiat:
1256 1852 1367 1931 siqua
1389 1863 1440 1914 est
1465 1852 1545 1914 inter

588 1962 770 2034 utramque,
797 1962 898 2014 nocet.
943 1948 1128 2034 Utrobique
1154 1972 1174 2012 a
1200 1952 1271 2013 Deo
1294 1949 1472 2030 receditur,
1493 1951 1545 2014 sed

479 2133 484 2138 ι
588 2072 653 2135 qua
673 2051 774 2134 magis
797 2051 976 2127 aberretur,
992 2072 1054 2113 non
1079 2050 1171 2114 facile
1193 2043 1361 2142 dixerim}
1390 2051 1457 2117 Sed
1476 2054 1542 2138 jam

586 2151 721 2215 alterum
744 2153 857 2215 erroris
883 2154 1009 2214 nomine
1032 2173 1093 2214 non
1119 2159 1284 2225 censetur,
1299 2141 1380 2237 quia
1401 2152 1542 2218 avaritias

586 2252 736 2340 propellit
751 2269 867 2331 notam,
877 2265 909 2316 et
920 2254 1070 2337 ingenitae
1081 2252 1278 2319 liberalitatis
1289 2253 1407 2317 habere
1417 2254 1545 2319 videtur

586 2358 767 2442 imaginem.
813 2359 920 2433 Quum
939 2369 1046 2420 autern
1061 2356 1259 2421 liberalitatis
1273 2355 1409 2421 effectus
1425 2379 1545 2420 nunca

589 2459 668 2534 loco,
685 2482 768 2523 nunc
783 2483 801 2521 a
817 2474 969 2545 ternpore,
987 2481 1104 2522 nunca
1125 2459 1316 2544 quantitate,
1333 2481 1419 2523 nunc
1434 2483 1455 2523 a
1476 2482 1546 2546 per-

587 2560 680 2639 sonis,
692 2582 777 2624 nunc
788 2561 829 2623 ab
846 2584 917 2639 usu,
928 2574 959 2624 et
975 2559 1163 2625 assiduitate
1178 2558 1359 2639 exercendi,
1372 2561 1540 2627 laudetur:

587 2663 643 2727 illa
672 2663 831 2749 praecipue
857 2661 1116 2727 commendabilis
1145 2663 1298 2740 creditur,
1323 2686 1401 2750 qune
1427 2665 1460 2729 in
1490 2664 1544 2729 ali·

589 2767 713 2846 mentis,
728 2780 759 2829 et
780 2766 830 2828 his
853 2757 980 2849 quibus*
994 2778 1109 2829 natura
1132 2766 1266 2851 indiget,
1280 2778 1337 2830 aut
1356 2772 1423 2832 vita
1444 2767 1543 2831 civilis

587 2883 732 2943 ornatur,
748 2867 864 2930 clarius
878 2866 1031 2932 enitescit.
1077 2868 1167 2953 Ergo
1189 2869 1246 2954 qui
1269 2891 1380 2933 omnes
1401 2870 1543 2936 admittit

588 2968 626 3030 ad
644 2991 795 3048 mensam,
810 2969 1019 3033 exactissimae
1036 2968 1236 3034 liberalitatis
1251 2982 1311 3033 est.
1358 2970 1460 3035 Plane
1475 2970 1545 3057 qui·

585 3068 670 3144 dem,
686 3092 788 3155 eoque
803 3068 974 3145 liberalior,
990 3093 1055 3156 quo
1070 3070 1179 3157 plures
1193 3068 1346 3135 admittit.
1395 3070 1459 3136 Sed
1484 3072 1542 3135 hoc

586 3171 707 3234 calculo
737 3171 920 3255 paucissimi
949 3172 1152 3258 colliguntur.
1199 3173 1370 3237 Proximus
1399 3189 1459 3253 est,
1485 3175 1541 3259 qui

586 3272 644 3335 etsi
661 3293 722 3334 non
739 3293 848 3335 omnes
863 3272 1023 3353 admittat,
1035 3299 1088 3339 eos
1103 3299 1185 3361 quos
1199 3274 1376 3340 introducit
1389 3275 1433 3339 sic
1444 3275 1541 3351 cibat,

585 3375 629 3438 sic
646 3385 747 3459 potat,
762 3374 806 3435 sir.
822 3373 852 3437 in
876 3376 1021 3441 tricliniis
1035 3377 1138 3452 fulcit,
1154 3389 1186 3441 et
1201 3376 1282 3441 locat
1305 3376 1542 3443 discumbentes

586 3475 617 3537 in
650 3472 812 3556 sedilibus,
837 3489 874 3539 ut
900 3476 978 3541 nihil
1006 3478 1055 3542 vel
1081 3479 1254 3563 excogitari
1280 3479 1403 3544 lautius
1430 3480 1541 3567 possit.

588 3576 851 3663 Multiplicantur
873 3578 1003 3654 fercula,
1019 3580 1082 3645 cibi
1097 3580 1149 3644 alii
1170 3580 1240 3644 aliis
1255 3580 1450 3659 farciuntur,
1467 3606 1541 3648 eon·

586 3679 720 3746 diuntur
745 3680 812 3747 haec
838 3680 909 3757 illis,
936 3695 967 3745 et
993 3683 1025 3745 in
1056 3682 1205 3769 injuriam
1232 3696 1366 3760 naturae,
1394 3685 1540 3751 innatum

584 3783 771 3868 relinquere,
782 3798 812 3846 et
825 3782 961 3847 alienum
971 3796 1131 3867 coguntur
1142 3784 1255 3847 afferre
1265 3806 1420 3869 saporem.
1457 3787 1540 3850 Con·

585 3882 737 3946 ficiuntur
762 3897 794 3947 et
819 3884 1016 3949 salsamenta.
1063 3886 1151 3948 Garo
1174 3885 1252 3949 nihil
1276 3885 1370 3949 vilius
1397 3901 1456 3964 est,
1480 3888 1539 3953 nisi

584 3983 795 4067 complurium
813 3985 1000 4068 polliceatur
1014 3987 1156 4062 effectus,
1172 4002 1204 4051 et
1219 3987 1336 4052 indicia
1351 3989 1539 4075 specierum.

587 4083 764 4168 Egregium
789 4098 892 4150 tamen
916 4103 963 4153 est
987 4089 1017 4152 in
1042 4089 1237 4176 hujusmodi,
1261 4090 1348 4176 quod
1372 4091 1490 4170 mimis,
1508 4105 1540 4157 et

585 4184 802 4266 histrionibus,
825 4205 856 4253 et
881 4191 1084 4275 rumigerulis
1106 4192 1219 4277 placet.
1265 4195 1346 4257 Haec
1368 4194 1453 4257 enim
1477 4216 1541 4258 non

584 4286 624 4350 ad
642 4290 818 4371 veritatem,
833 4291 886 4356 sed
903 4291 943 4355 ad
959 4293 1137 4378 opinionem
1154 4298 1261 4359 omnin
1277 4295 1369 4359 fiunt.
1412 4296 1541 4382 Coque-

584 4411 653 4453 rum
672 4391 840 4456 solicitudo
855 4394 955 4458 fervet
971 4407 1039 4458 arte
1062 4395 1243 4482 multiplici,
1257 4396 1432 4464 eliciuntur
1449 4399 1539 4483 jura,
