3867 5467
508 743 568 806 tra
772 757 909 804 rasuris
925 757 1203 803 sanasnnnrmssrs
1306 743 1397 821 [urs.
1417 766 1471 810 vn.

504 934 523 973 a
539 910 615 972 locis
630 910 863 975 venerabilibus
882 908 1029 973 examina
1047 909 1286 976 conviventium
1310 914 1465 980 evolasse.

504 1011 593 1073 Adeo
614 1008 744 1094 quidem
761 1033 794 1073 se
815 1008 976 1091 religionis
996 1008 1116 1094 species
1137 1011 1255 1088 turbis,
1271 1027 1305 1078 et
1327 1016 1466 1101 publicis

501 1111 683 1195 aspectibus
698 1111 823 1196 ingerit.
871 1110 995 1175 Primus
1014 1110 1194 1192 cathedras,
1208 1114 1380 1180 recubitus
1401 1121 1464 1203 pri·

502 1235 582 1288 mos,
599 1213 717 1299 primas
738 1213 943 1279 salutationes
964 1225 1132 1298 usurpant,
1146 1231 1179 1277 et
1202 1214 1226 1277 si
1246 1238 1301 1281 eas
1321 1216 1462 1296 differas,

499 1314 770 1378 vehementissime
790 1314 1009 1398 indignantur.
1057 1313 1091 1376 Si
1115 1313 1160 1375 eis
1175 1314 1376 1400 obloqueris,
1392 1318 1461 1382 reli·

502 1420 606 1502 gionis
620 1417 766 1481 inimicus
776 1432 807 1480 et
825 1416 965 1481 veritatis
976 1415 1091 1479 diceris
1105 1413 1324 1500 impugnator.
1366 1421 1460 1484 Feras

501 1516 611 1604 itaque
632 1516 799 1603 patienter,
815 1516 839 1579 si
862 1516 995 1601 injurias
1016 1528 1049 1579 et
1069 1513 1185 1578 damna
1207 1516 1391 1595 intulerint,
1406 1521 1459 1606 qui

499 1620 655 1685 licentiam
686 1621 840 1694 omniurn,
871 1617 1059 1703 Apostoliea
1087 1629 1119 1680 ct
1150 1618 1238 1702 regia
1266 1623 1459 1686 auctoritate

500 1719 674 1783 obtinuisse
704 1718 863 1782 videntur.
924 1719 1006 1780 Nam
1043 1730 1074 1780 et
1107 1716 1167 1779 boc
1197 1716 1321 1781 meritis
1351 1743 1457 1786 eorum

498 1818 607 1883 deberi
637 1819 788 1883 creditur.
847 1821 928 1882 Sane
959 1818 1015 1904 qui
1050 1817 1165 1881 resistit
1198 1822 1367 1903 potestati,
1399 1823 1457 1886 Dei

497 1919 687 1984 ordinationi
704 1921 832 1984 resistit.
871 1922 939 1983 Nec
953 1943 1014 2004 ego
1030 1918 1223 2005 Apostolicae
1237 1920 1412 2003 majestati,
1428 1936 1457 1988 et

498 2022 593 2105 regiae
602 2021 739 2086 arbitror
750 2021 982 2086 reluctandum.
1016 2019 1120 2085 Miror
1132 2034 1249 2097 tamen,
1264 2038 1302 2088 ut
1314 2024 1456 2090 fidelium

498 2144 573 2209 pace
589 2121 710 2208 loquar,
725 2122 877 2208 quidnam
892 2126 944 2201 sit,
956 2122 1042 2209 quod
1055 2122 1204 2199 decimas,
1220 2136 1253 2185 et
1263 2123 1342 2208 jura
1356 2125 1457 2189 aliena

498 2244 650 2309 usurpare
678 2246 738 2287 non
765 2224 978 2288 erubeseunt?
1014 2225 1164 2309 inquient
1195 2224 1290 2303 forte,
1317 2225 1454 2310 religiosi

495 2346 613 2389 sumus.
662 2325 758 2390 Plane
774 2326 911 2390 decimas
932 2325 1052 2389 solvere
1071 2325 1231 2409 religionis
1253 2348 1331 2411 pers
1346 2341 1409 2404 est,
1424 2343 1454 2392 et

497 2450 549 2490 eas
563 2451 583 2490 a
599 2432 669 2492 Deo
691 2432 830 2513 populus
845 2427 1004 2492 duntaxat
1020 2427 1187 2512 religiosus
1200 2428 1356 2513 exigitur.
1404 2434 1449 2495 At

496 2526 554 2614 qui
580 2551 632 2593 eas
656 2530 799 2614 exigunt,
828 2529 994 2614 irreligiosi
1021 2543 1105 2593 sunt.
1151 2533 1217 2592 Vos
1243 2542 1353 2595 autem
1380 2532 1452 2617 quis

496 2631 660 2697 constituit
679 2632 804 2717 judices
830 2654 925 2717 super
945 2635 1019 2694 eos?
1059 2633 1129 2695 Aut
1150 2630 1206 2713 qui
1234 2631 1311 2694 estis
1333 2645 1371 2697 ut
1399 2655 1452 2696 ex·

494 2734 625 2798 arceatis
650 2734 807 2820 judicium
836 2734 867 2796 in
899 2754 1007 2795 servos
1037 2732 1174 2795 alienos?
1214 2732 1449 2820 Unusquisque

494 2856 553 2897 suo
567 2836 696 2898 domino
711 2848 786 2912 stat,
799 2850 853 2900 aut
868 2833 963 2899 cadit.
1003 2833 1143 2899 Stabunt
1159 2846 1277 2897 autem.
1319 2837 1449 2912 Sumus,

493 2934 655 3019 inquiunt,
679 2938 740 3000 tuti
765 2937 950 3023 Apostolico
974 2934 1151 3020 privilegio,
1175 2934 1268 3016 cujus
1296 2936 1450 3002 beneficio

491 3029 532 3094 de
548 3031 749 3097 nutrimentis
764 3035 945 3099 animalium
962 3050 994 3100 et
1010 3036 1173 3100 laboribus
1189 3036 1288 3100 nostis
1310 3036 1450 3102 decimas

491 3134 672 3200 retinemus.
708 3140 833 3223 Nempe
846 3139 1008 3224 Aposmlis
1018 3139 1122 3202 omnia
1134 3136 1244 3212 licentr
1269 3140 1326 3204 sed
1341 3145 1450 3206 omnis

489 3233 530 3296 ab
548 3237 740 3318 Apostolicis
757 3238 822 3301 lieri
846 3263 1050 3326 nequaquam
1072 3240 1212 3327 expedit.
1258 3245 1342 3307 Esto
1357 3243 1445 3328 quod

488 3332 535 3395 illi
551 3334 641 3396 vobis
661 3334 720 3397 hoc
738 3335 867 3401 licenter
887 3341 1113 3415 concesserint3
1145 3364 1199 3404 sos
1220 3363 1261 3404 an
1283 3356 1369 3406 recte
1392 3364 1450 3428 pe-

490 3432 612 3513 tieritis,
633 3434 777 3500 videatis.
824 3440 947 3526 Nempe
969 3445 1026 3527 qui
1048 3443 1141 3529 petit,
1164 3456 1201 3507 ut
1224 3442 1315 3529 quod
1338 3444 1447 3522 debet,

488 3556 549 3598 non
565 3534 669 3610 faciat,
682 3537 816 3622 justitiae
829 3554 1023 3625 spontaneus
1035 3566 1095 3607 non
1112 3544 1232 3609 obedit.
1271 3545 1443 3631 Numquid

487 3634 528 3700 de
550 3638 753 3703 nutrimentis
775 3640 854 3705 Abel
881 3643 1053 3708 Dominum
1082 3666 1143 3707 non
1170 3644 1331 3729 respexit?
1363 3644 1445 3710 Cain

487 3738 737 3822 frugesobtulit;
755 3743 1072 3829 rectequidem,quia
1081 3748 1219 3809 Domino
1228 3745 1445 3826 debebantur,

486 3840 541 3902 sed
564 3842 596 3903 in
620 3843 790 3927 partitione
812 3844 932 3930 iniqua,
952 3847 1029 3910 dum
1052 3847 1200 3911 divisioni
1220 3847 1346 3933 aliquid
1368 3849 1445 3912 sub-

486 3942 594 4015 trabit,
623 3962 786 4027 peccatum
817 3948 997 4012 committit.
1044 3954 1259 4035 Acceptantur
1289 3972 1358 4035 prae
1384 3949 1442 4014 illo

486 4062 617 4105 munera
632 4045 711 4127 ejus,
728 4046 783 4132 qui
800 4047 898 4110 foetus
913 4048 1093 4113 animalium
1109 4072 1182 4113 cum
1207 4052 1347 4114 Domino
1369 4073 1443 4137 pur-

485 4142 576 4204 titnr.
628 4143 672 4204 Et
702 4145 784 4208 forte
813 4146 854 4208 de
883 4146 1074 4212 animalibus
1104 4147 1281 4212 redduntur
1311 4149 1443 4227 rectius,

484 4241 561 4318 quia
587 4240 651 4303 siae
675 4244 802 4310 cultura
825 4259 856 4310 et
878 4269 956 4310 cura
978 4263 1085 4312 nostra
1112 4248 1315 4333 proveniunt.
1363 4248 1443 4313 Plus

481 4337 565 4397 enim
597 4335 712 4404 laboris
741 4358 789 4407 est
820 4344 850 4408 in
878 4346 1027 4430 frugibus
1053 4346 1191 4409 serendis
1216 4361 1248 4411 et
1273 4347 1444 4412 metendis.
