3867 5467
485 809 525 863 84
742 816 877 860 ioannis
892 816 1168 861 sannsuanrnnsts
1279 801 1366 880 [arn.
1382 821 1439 864 vn.

484 970 590 1052 impiis
618 969 704 1030 verbi
734 967 938 1044 commercio,
964 990 1005 1030 cx
1033 970 1222 1033 necessitate
1252 981 1367 1035 secuta
1393 983 1438 1035 est

484 1071 622 1134 secessio
637 1070 837 1151 populorum.
885 1069 936 1133 Sic
953 1080 986 1131 ct
1000 1070 1201 1152 Philosophi,
1218 1071 1299 1135 dum
1316 1073 1435 1153 ingenii

484 1173 533 1234 sui
559 1170 733 1244 machinas,
760 1191 817 1229 suu
843 1169 983 1251 quodam
1011 1171 1222 1233 theomachia*
1254 1193 1375 1251 genere
1404 1173 1434 1233 in

482 1275 581 1336 altum
604 1284 783 1345 erexerunt,
807 1293 876 1333 rere
899 1272 947 1334 eis
969 1272 1242 1335 incommutabilis
1265 1287 1299 1336 et
1324 1273 1434 1336 indefi-

483 1374 597 1436 cientis
620 1372 759 1434 veritatis
782 1372 943 1433 subtracta
971 1383 1018 1433 cst
1044 1372 1169 1448 unitas3
1192 1381 1224 1435 et
1250 1373 1434 1453 ignorantie

483 1476 608 1538 nebulis
638 1471 791 1548 obvoluti,
816 1493 925 1533 eorum
955 1493 1027 1553 quae
1058 1473 1099 1535 ab
1130 1493 1193 1534 uua
1223 1484 1255 1534 et
1285 1473 1433 1556 singulari

484 1578 613 1639 veritate
629 1595 702 1636 vera
717 1587 800 1649 sunt,
811 1574 984 1636 maximam
1000 1574 1144 1636 notitiam
1161 1572 1434 1656 perdidernnguti

484 1677 516 1737 iu
546 1696 674 1736 sensum
703 1677 870 1756 reprobum
901 1673 966 1736 dati
997 1695 1067 1736 esse
1102 1674 1369 1738 convincerentur
1397 1677 1435 1739 ab

484 1776 634 1858 operibus
660 1775 736 1850 suia,
763 1788 794 1836 et
820 1785 971 1856 tanquam
1001 1773 1170 1836 recedente
1198 1773 1295 1850 duce,
1325 1776 1434 1860 spiritu

484 1875 608 1938 scilicet
622 1873 774 1950 volitatio,
790 1874 1048 1956 dispergerentur
1067 1874 1100 1934 in
1116 1874 1215 1937 carias
1231 1886 1336 1937 sectas
1351 1896 1433 1937 erro·

483 1977 537 2050 ris,
566 1986 598 2036 ct
627 1975 768 2036 insanias
797 1976 902 2037 salsas.
948 1975 993 2036 Et
1020 1996 1058 2036 eo
1092 1974 1223 2057 quidem
1259 1976 1435 2039 miseriores

483 2075 589 2138 effecti
619 2086 704 2150 sunt,
733 2074 819 2157 quod
849 2074 881 2135 in
912 2074 963 2135 his
992 2072 1152 2137 desectum
1183 2095 1276 2137 suum
1306 2073 1434 2138 minime

483 2176 707 2256 agnoscebant.
755 2176 841 2237 Hinc
866 2189 926 2251 est,
951 2174 1039 2259 quod
1065 2174 1141 2237 dum
1166 2175 1314 2240 Pronoea
1346 2198 1432 2240 suam

483 2278 612 2342 Stoicus
633 2289 811 2353 veneratur,
829 2279 936 2339 onmia
959 2277 1158 2339 necessitatis
1181 2279 1253 2359 lege
1277 2280 1434 2342 constrin-

482 2379 537 2460 git.
583 2377 742 2460 Epicurus
764 2401 781 2440 e
809 2391 929 2453 contra,
950 2377 1026 2439 dum
1050 2398 1153 2440 retum
1176 2389 1284 2442 tuetur
1307 2381 1433 2443 liberta·

484 2492 557 2556 tem,
582 2478 825 2561 dispositionem
852 2491 997 2555 evacuat,
1021 2489 1054 2541 et
1076 2480 1183 2542 omnia
1201 2482 1333 2544 casibus
1357 2483 1433 2545 fluc-

483 2591 570 2643 tuare
601 2579 773 2642 contendit.
820 2582 848 2642 E
884 2579 1015 2660 regione
1053 2579 1234 2643 consistunt
1272 2582 1434 2665 utriusque

483 2684 632 2757 cultores,
662 2693 694 2743 et
722 2680 762 2744 de
793 2681 925 2761 singulis
948 2679 1014 2742 fere
1040 2700 1144 2741 rerum
1169 2679 1314 2743 articulis
1345 2680 1434 2744 dimi·

484 2799 572 2860 cant3
604 2798 636 2845 ct
661 2785 753 2865 quasi
779 2781 920 2845 Palladis
946 2793 1145 2844 sacramento
1172 2781 1325 2861 adstricti,
1353 2784 1435 2846 solas

483 2886 662 2968 paradoxas
685 2887 867 2967 loquuntur,
884 2894 938 2945 aut
960 2881 1058 2966 aeglea
1080 2880 1171 2959 δόξας,
1187 2895 1219 2946 et
1239 2905 1295 2948 eas
1318 2905 1433 2969 usque·

483 3004 609 3065 quaque
632 3004 720 3044 veras
742 3003 812 3044 esse
832 2982 1031 3046 confirmant.
1077 2982 1263 3047 Academici
1290 3005 1367 3047 vero
1391 2986 1435 3047 vi·

483 3094 584 3145 tontes
597 3082 808 3164 praecipitium
821 3083 978 3162 falsitatis,
988 3086 1020 3146 iu
1033 3107 1071 3147 eo
1084 3083 1212 3167 quidem
1225 3083 1434 3149 modestiores

483 3195 566 3259 sunt,
582 3182 668 3266 quod
691 3182 850 3246 defectum
873 3204 966 3247 suum
989 3187 1119 3248 minime
1143 3185 1330 3265 diffitentur,
1348 3197 1382 3250 et
1400 3188 1433 3250 in

482 3303 584 3345 rerum
616 3281 794 3363 ignorantia
824 3284 929 3367 positi,
956 3286 1019 3349 sere
1049 3286 1089 3349 de
1115 3286 1251 3368 singulis
1275 3285 1433 3352 dubitant

482 3383 578 3455 Quod
598 3381 727 3466 quidem
751 3385 845 3465 longe
870 3385 968 3448 tutius
990 3396 1049 3463 est,
1065 3408 1160 3470 quam
1181 3387 1303 3450 incerta
1317 3398 1433 3451 temere

482 3482 624 3547 definire.
672 3483 934 3548 Academicorum
962 3508 1090 3571 qnoque
1115 3486 1208 3568 juvet
1237 3487 1434 3569 opinionem,

482 3584 569 3669 quod
605 3607 670 3648 non
707 3584 801 3648 modo
834 3585 1025 3649 Heraclides
1059 3588 1223 3664 Ponticus,
1254 3599 1286 3650 et
1318 3588 1432 3652 Cicero

482 3698 599 3767 noster,
621 3687 655 3750 in
685 3708 808 3751 summa
837 3686 1074 3768 ingeniosorum
1102 3689 1238 3751 virorum
1264 3688 1359 3752 laude
1385 3710 1433 3751 re·

482 3789 579 3870 cepti,
594 3787 720 3851 tandem
745 3788 785 3851 ad
808 3809 863 3850 eos
887 3788 1097 3865 transierunt3
1120 3788 1178 3851 sed
1192 3799 1225 3851 et
1239 3788 1296 3851 alii
1316 3790 1432 3872 plures,

482 3908 561 3968 quos
576 3908 755 3967 percurrere
769 3889 900 3965 longum
917 3899 975 3951 ost.
1021 3890 1137 3952 Nonne
1152 3910 1227 3971 ergo
1243 3888 1431 3971 proeserendi

481 3994 556 4045 sunt
578 3984 658 4058 aliis,
681 4005 761 4066 quos
784 3996 817 4046 et
839 3987 1001 4050 asserendi
1029 3988 1196 4067 modestia,
1218 4003 1249 4053 et
1273 4003 1431 4053 tantorum

483 4083 616 4144 virorum
632 4083 835 4147 commendat
850 4087 1042 4151 auctoritas?
