3867 5467
591 704 632 763 64
849 718 987 763 soANNIS
1002 715 1279 763 mussasursusrs
1309 783 1314 792 Ι
1397 698 1483 779 [urs.
1501 717 1544 761 vr.

696 867 873 931 Contendunt,
885 883 946 920 vera
957 868 1006 918 niti
1018 867 1117 919 ratione
1128 864 1258 917 videntur.

696 951 784 1023 Hujus
796 953 864 1004 enim
876 950 978 1004 validus
989 949 1078 1002 firmat
1089 956 1163 1002 tenor
1174 951 1261 1000 omnia
1272 948 1396 1001 membru.

693 1038 831 1090 utcontra
843 1037 960 1108 ejusdem
972 1035 1127 1103 franguntur
1139 1039 1233 1087 cuneta
1244 1033 1341 1087 dolore.

692 1121 765 1184 Quin
776 1123 865 1187 etlam,
877 1122 928 1173 nisi
939 1138 1001 1174 curs
1008 1121 1092 1191 juvet,
1106 1121 1199 1173 vitiare
1210 1120 1344 1173 cerebrum

694 1206 797 1272 Fertur,
810 1213 838 1259 et
849 1208 965 1274 integros
977 1206 1048 1257 illinc
1060 1211 1178 1258 avertere
1190 1222 1291 1258 seusus.

588 1330 666 1393 Noli
688 1351 763 1413 ergo
784 1350 889 1413 neque
908 1339 1062 1404 nostrum,
1083 1348 1191 1411 neque
1212 1326 1403 1389 secularium
1425 1327 1545 1410 princi-

586 1454 663 1515 pum
680 1431 829 1495 duritiam
845 1430 957 1509 metiri,
973 1428 1030 1492 sed
1045 1428 1187 1491 omnium
1204 1428 1371 1491 utilitatem
1387 1427 1529 1492 attende.

586 1723 667 1807 Cap.
683 1728 734 1785 95.
760 1721 813 1785 De
831 1721 1027 1784 cohaerentia
1050 1723 1169 1803 capitis
1190 1729 1223 1785 et
1241 1721 1457 1785 membrorum
1479 1724 1541 1785 rei-

620 1823 786 1906 publicae:
811 1831 844 1885 ot
858 1824 944 1905 quod
949 1824 1106 1905 princeps
1120 1824 1270 1905 waedom
1285 1826 1393 1905 imaco
1407 1824 1542 1888 deitatis

627 1933 687 2005 eet,
700 1924 785 1987 etde
799 1926 935 1988 crimine
949 1927 1139 2006 majestatis,
1155 1925 1241 1989 etde
1259 1926 1311 1989 lire
1326 1944 1396 2008 quc
1411 1935 1491 1989 runt
1503 1928 1538 1989 in

620 2025 786 2106 fidelitate
799 2025 967 2089 secondo.

626 2188 721 2251 Mrnr
735 2209 810 2251 vero
819 2188 1015 2251 satisfactum
1026 2196 1085 2264 est,
1096 2197 1128 2251 et
1142 2207 1314 2271 persuasus
1324 2207 1395 2250 sum
1407 2187 1540 2252 devotos

582 2292 732 2353 humeros
757 2310 938 2372 supponere
964 2289 1126 2372 potestati,
1149 2309 1209 2352 nec
1237 2287 1333 2351 modo
1363 2290 1430 2352 sero
1455 2310 1539 2367 eam,

582 2390 640 2456 sed
655 2402 744 2473 grata
758 2402 817 2467 est,
833 2389 909 2453 dum
926 2388 1001 2453 Deo
1016 2389 1161 2475 subjecta
1174 2401 1232 2466 est,
1242 2402 1275 2453 et
1289 2390 1376 2453 illins
1391 2390 1536 2454 ordinem

582 2493 731 2577 sequitur.
777 2492 928 2576 Alioquin
944 2492 972 2555 si
990 2491 1107 2555 divinis
1128 2493 1301 2555 reluctetur
1316 2491 1489 2571 mandatis,
1503 2501 1536 2555 et

581 2614 633 2657 me
648 2592 859 2660 theomachia
874 2612 941 2655 snae
953 2592 1029 2655 velit
1043 2612 1114 2654 esse
1126 2590 1327 2674 participem,
1338 2591 1440 2655 libera
1454 2611 1535 2655 voce

581 2692 778 2777 respondeo:
802 2692 909 2756 Deum
924 2691 1028 2754 cuivis
1046 2689 1170 2753 homiui
1191 2688 1435 2773 proferendum.
1483 2688 1536 2754 Sic

581 2819 657 2879 ergo
687 2799 869 2862 cohereant
892 2795 1041 2858 inferiora
1066 2794 1293 2878 superioribus,
1315 2793 1363 2857 sic
1389 2793 1537 2858 universa

581 2897 725 2958 membra
739 2915 773 2957 se
788 2894 962 2977 subjiciant
977 2894 1086 2976 capiti,
1102 2905 1138 2957 ut
1159 2893 1272 2976 religio
1288 2904 1429 2957 serretur
1443 2894 1534 2958 inco·

578 2996 683 3060 lumis.
728 2996 811 3059 Rem
827 2994 992 3077 politicam
1006 2995 1122 3076 legitur
1136 2995 1286 3059 Socrates
1301 2995 1488 3074 instituisse,
1503 3007 1535 3059 et

578 3097 694 3162 ineam
710 3095 839 3161 dedisse
854 3105 1026 3179 praecepta,
1042 3118 1114 3180 quse
1129 3096 1341 3160 asinceritate
1353 3095 1534 3178 sapientiae,

579 3198 671 3283 quasi
686 3196 826 3282 quodam
848 3198 934 3260 sonte
957 3208 1079 3261 nuturae
1100 3218 1228 3261 manare
1250 3197 1411 3261 dicuntur.
1456 3197 1532 3261 Hoc

580 3308 686 3364 autem
714 3298 750 3362 in
779 3316 903 3361 summa
932 3298 1105 3380 colligitur,
1130 3309 1166 3362 ut
1194 3319 1266 3382 quae
1301 3299 1335 3361 in
1365 3299 1533 3381 republica

577 3400 749 3464 humiliora
775 3410 860 3479 sunt,
883 3399 1038 3484 majorum
1064 3399 1172 3463 officio
1195 3398 1381 3483 diligentius
1402 3420 1530 3464 conser-

578 3511 699 3567 ventur.
739 3501 978 3565 lnstitutionem
990 3500 1133 3585 Trajani,
1142 3500 1235 3585 cujus
1248 3500 1369 3565 mentio
1384 3500 1532 3586 superius

577 3606 661 3670 fucta
676 3614 735 3683 est,
750 3603 937 3686 diligentins
959 3604 1075 3685 relege,
1090 3612 1122 3667 et
1136 3602 1207 3666 haec
1228 3603 1324 3666 latius
1347 3602 1532 3686 conscripta

576 3706 729 3771 invenies.
774 3706 879 3769 Nobis
901 3715 1009 3769 autem
1038 3704 1109 3768 haec
1139 3702 1180 3767 de
1205 3703 1327 3767 unitate
1351 3702 1471 3786 capitis
1499 3712 1532 3766 et

575 3809 787 3871 membrorum
802 3805 844 3869 ad
859 3828 1000 3889 praesens
1012 3805 1132 3869 dixisse
1147 3805 1302 3882 sufficiat3
1323 3805 1387 3868 hoc
1401 3800 1530 3889 adjecto

574 3906 662 3992 quod
677 3905 899 3988 praemisimus,
916 3906 1004 3989 quod
1024 3908 1112 3970 laesio
1128 3905 1254 3991 capitis,
1269 3917 1304 3969 ut
1318 3904 1530 3989 prediximus

575 4008 618 4073 ad
628 4007 735 4069 omnia
744 4007 886 4069 membra
900 4008 1043 4085 refertur,
1054 4021 1086 4071 et
1097 4008 1253 4092 cujusque
1269 4008 1403 4071 membri
1415 4007 1529 4070 vulnus

573 4108 689 4191 injuste
701 4108 932 4190 irrogatum,ad
948 4109 1063 4193 capitis
1078 4119 1205 4193 spectat
1215 4110 1376 4193 injuriam.
1422 4107 1528 4173 Caete-

573 4231 643 4274 rum
655 4208 740 4294 quod
756 4208 907 4273 adversus
929 4222 1027 4295 caput
1042 4223 1098 4275 aut
1117 4211 1353 4275 universitatem
1369 4210 1530 4274 membro-

573 4332 640 4375 rum
657 4310 733 4375 dolo
748 4312 833 4375 malo
849 4313 969 4377 malitia
984 4314 1158 4396 praesumit,
1174 4313 1294 4377 crimen
1316 4322 1366 4377 est
1381 4311 1529 4393 gravisu-
