<?xml version="1.0" encoding="UTF-8"?>
<!DOCTYPE html PUBLIC "-//W3C//DTD XHTML 1.0 Transitional//EN"
    "http://www.w3.org/TR/xhtml1/DTD/xhtml1-transitional.dtd">
<html xmlns="http://www.w3.org/1999/xhtml" xml:lang="en" lang="en">
 <head>
  <title>
</title>
<meta http-equiv="Content-Type" content="text/html;charset=utf-8" />
  <meta name='ocr-system' content='tesseract 3.04.00' />
  <meta name='ocr-capabilities' content='ocr_page ocr_carea ocr_par ocr_line ocrx_word'/>
</head>
<body>
  <div class='ocr_page' id='page_1' title='image "./operaomnianuncp00johngoog_0140.png"; bbox 0 0 3867 5467; ppageno 0'>
   <div class='ocr_carea' id='block_1_1' title="bbox 484 749 1444 833">
    <p class='ocr_par' dir='ltr' id='par_1_1' title="bbox 484 749 1444 833">
     <span class='ocr_line' id='line_1_1' title="bbox 484 749 1444 833; baseline 0.017 -29"><span class='ocrx_word' id='word_1_1' title='bbox 484 757 542 815; x_wconf 72' lang='lat' dir='ltr'>ran</span> <span class='ocrx_word' id='word_1_2' title='bbox 728 768 863 813; x_wconf 71' lang='lat' dir='ltr'>sossxrs</span> <span class='ocrx_word' id='word_1_3' title='bbox 879 765 1158 813; x_wconf 68' lang='lat' dir='ltr'>saresberiensis</span> <span class='ocrx_word' id='word_1_4' title='bbox 1280 749 1368 833; x_wconf 80' lang='lat' dir='ltr'>[ura.</span> <span class='ocrx_word' id='word_1_5' title='bbox 1387 774 1444 820; x_wconf 83' lang='lat' dir='ltr'>vir.</span> 
     </span>
    </p>
   </div>
   <div class='ocr_carea' id='block_1_2' title="bbox 460 922 1442 4436">
    <p class='ocr_par' dir='ltr' id='par_1_2' title="bbox 460 922 1442 4436">
     <span class='ocr_line' id='line_1_2' title="bbox 482 922 1442 1005; baseline 0.005 -21"><span class='ocrx_word' id='word_1_6' title='bbox 482 922 619 984; x_wconf 84' lang='lat' dir='ltr'>sacrario</span> <span class='ocrx_word' id='word_1_7' title='bbox 643 922 855 1004; x_wconf 80' lang='lat' dir='ltr'>philosophiae</span> <span class='ocrx_word' id='word_1_8' title='bbox 884 923 1046 997; x_wconf 87' lang='lat' dir='ltr'>exclusus,</span> <span class='ocrx_word' id='word_1_9' title='bbox 1068 923 1109 984; x_wconf 91' lang='lat' dir='ltr'>ab</span> <span class='ocrx_word' id='word_1_10' title='bbox 1133 923 1353 1005; x_wconf 80' lang='lat' dir='ltr'><strong>intelligentia</strong></span> <span class='ocrx_word' id='word_1_11' title='bbox 1379 928 1442 989; x_wconf 85' lang='lat' dir='ltr'>veri</span> 
     </span>
     <span class='ocr_line' id='line_1_3' title="bbox 481 1019 1441 1107; baseline 0.004 -22"><span class='ocrx_word' id='word_1_12' title='bbox 481 1025 604 1085; x_wconf 89' lang='lat' dir='ltr'>alienus</span> <span class='ocrx_word' id='word_1_13' title='bbox 618 1035 718 1085; x_wconf 86' lang='lat' dir='ltr'>extat.</span> <span class='ocrx_word' id='word_1_14' title='bbox 765 1019 847 1085; x_wconf 87' lang='lat' dir='ltr'>Nam</span> <span class='ocrx_word' id='word_1_15' title='bbox 864 1036 896 1085; x_wconf 91' lang='lat' dir='ltr'>et</span> <span class='ocrx_word' id='word_1_16' title='bbox 913 1021 1101 1096; x_wconf 78' lang='lat' dir='ltr'>Sodomita,</span> <span class='ocrx_word' id='word_1_17' title='bbox 1124 1023 1202 1086; x_wconf 92' lang='lat' dir='ltr'>dum</span> <span class='ocrx_word' id='word_1_18' title='bbox 1217 1028 1357 1107; x_wconf 80' lang='lat' dir='ltr'><strong>angelos</strong></span> <span class='ocrx_word' id='word_1_19' title='bbox 1373 1049 1441 1091; x_wconf 88' lang='lat' dir='ltr'>cor·</span> 
     </span>
     <span class='ocr_line' id='line_1_4' title="bbox 482 1122 1440 1213; baseline 0.006 -27"><span class='ocrx_word' id='word_1_20' title='bbox 482 1137 624 1207; x_wconf 83' lang='lat' dir='ltr'>raptores</span> <span class='ocrx_word' id='word_1_21' title='bbox 652 1125 791 1199; x_wconf 64' lang='lat' dir='ltr'>malitiae,</span> <span class='ocrx_word' id='word_1_22' title='bbox 813 1137 845 1187; x_wconf 90' lang='lat' dir='ltr'>et</span> <span class='ocrx_word' id='word_1_23' title='bbox 868 1125 925 1187; x_wconf 82' lang='lat' dir='ltr'>viri</span> <span class='ocrx_word' id='word_1_24' title='bbox 948 1125 1029 1208; x_wconf 89' lang='lat' dir='ltr'>justi</span> <span class='ocrx_word' id='word_1_25' title='bbox 1058 1122 1201 1208; x_wconf 86' lang='lat' dir='ltr'>hospites</span> <span class='ocrx_word' id='word_1_26' title='bbox 1231 1148 1440 1213; x_wconf 83' lang='lat' dir='ltr'>corrumpere</span> 
     </span>
     <span class='ocr_line' id='line_1_5' title="bbox 481 1229 1436 1313; baseline 0.009 -26"><span class='ocrx_word' id='word_1_27' title='bbox 481 1230 658 1304; x_wconf 78' lang='lat' dir='ltr'>voluerum,</span> <span class='ocrx_word' id='word_1_28' title='bbox 669 1229 812 1291; x_wconf 76' lang='lat' dir='ltr'>caecitate</span> <span class='ocrx_word' id='word_1_29' title='bbox 824 1229 966 1310; x_wconf 85' lang='lat' dir='ltr'><strong>percussi</strong></span> <span class='ocrx_word' id='word_1_30' title='bbox 979 1240 1068 1291; x_wconf 89' lang='lat' dir='ltr'>sunt:</span> <span class='ocrx_word' id='word_1_31' title='bbox 1080 1239 1113 1291; x_wconf 87' lang='lat' dir='ltr'>et</span> <span class='ocrx_word' id='word_1_32' title='bbox 1121 1229 1374 1313; x_wconf 88' lang='lat' dir='ltr'>circaparietem</span> <span class='ocrx_word' id='word_1_33' title='bbox 1384 1234 1436 1295; x_wconf 84' lang='lat' dir='ltr'>ab</span> 
     </span>
     <span class='ocr_line' id='line_1_6' title="bbox 480 1329 1438 1413; baseline 0.002 -21"><span class='ocrx_word' id='word_1_34' title='bbox 480 1344 630 1399; x_wconf 81' lang='lat' dir='ltr'>errantes,</span> <span class='ocrx_word' id='word_1_35' title='bbox 646 1329 808 1413; x_wconf 83' lang='lat' dir='ltr'>palpando</span> <span class='ocrx_word' id='word_1_36' title='bbox 818 1332 850 1392; x_wconf 92' lang='lat' dir='ltr'>in</span> <span class='ocrx_word' id='word_1_37' title='bbox 861 1329 993 1392; x_wconf 89' lang='lat' dir='ltr'>meridie</span> <span class='ocrx_word' id='word_1_38' title='bbox 1003 1330 1119 1393; x_wconf 90' lang='lat' dir='ltr'>crassis</span> <span class='ocrx_word' id='word_1_39' title='bbox 1130 1333 1271 1394; x_wconf 88' lang='lat' dir='ltr'>tenebris</span> <span class='ocrx_word' id='word_1_40' title='bbox 1282 1333 1438 1410; x_wconf 80' lang='lat' dir='ltr'>obvoluti,</span> 
     </span>
     <span class='ocr_line' id='line_1_7' title="bbox 477 1430 1437 1514; baseline 0 -20"><span class='ocrx_word' id='word_1_41' title='bbox 477 1430 567 1514; x_wconf 89' lang='lat' dir='ltr'>justo</span> <span class='ocrx_word' id='word_1_42' title='bbox 591 1432 651 1493; x_wconf 87' lang='lat' dir='ltr'>Dei</span> <span class='ocrx_word' id='word_1_43' title='bbox 669 1431 794 1514; x_wconf 88' lang='lat' dir='ltr'>judicio</span> <span class='ocrx_word' id='word_1_44' title='bbox 816 1430 974 1492; x_wconf 83' lang='lat' dir='ltr'>submersi</span> <span class='ocrx_word' id='word_1_45' title='bbox 996 1440 1080 1493; x_wconf 87' lang='lat' dir='ltr'>sunt.</span> <span class='ocrx_word' id='word_1_46' title='bbox 1126 1430 1180 1493; x_wconf 91' lang='lat' dir='ltr'>Sic</span> <span class='ocrx_word' id='word_1_47' title='bbox 1204 1430 1284 1495; x_wconf 93' lang='lat' dir='ltr'>dum</span> <span class='ocrx_word' id='word_1_48' title='bbox 1305 1434 1382 1496; x_wconf 88' lang='lat' dir='ltr'>elati</span> <span class='ocrx_word' id='word_1_49' title='bbox 1406 1445 1437 1497; x_wconf 90' lang='lat' dir='ltr'>et</span> 
     </span>
     <span class='ocr_line' id='line_1_8' title="bbox 483 1530 1437 1616; baseline 0.002 -21"><span class='ocrx_word' id='word_1_50' title='bbox 483 1534 613 1615; x_wconf 81' lang='lat' dir='ltr'>maligni</span> <span class='ocrx_word' id='word_1_51' title='bbox 636 1534 785 1594; x_wconf 81' lang='lat' dir='ltr'>oberrant</span> <span class='ocrx_word' id='word_1_52' title='bbox 806 1530 847 1593; x_wconf 91' lang='lat' dir='ltr'>ad</span> <span class='ocrx_word' id='word_1_53' title='bbox 869 1532 1023 1615; x_wconf 85' lang='lat' dir='ltr'>parietem</span> <span class='ocrx_word' id='word_1_54' title='bbox 1046 1532 1286 1616; x_wconf 88' lang='lat' dir='ltr'>scripturarum,</span> <span class='ocrx_word' id='word_1_55' title='bbox 1309 1554 1437 1597; x_wconf 88' lang='lat' dir='ltr'>sensum</span> 
     </span>
     <span class='ocr_line' id='line_1_9' title="bbox 483 1632 1437 1717; baseline 0.004 -22"><span class='ocrx_word' id='word_1_56' title='bbox 483 1634 622 1709; x_wconf 85' lang='lat' dir='ltr'>fidelem,</span> <span class='ocrx_word' id='word_1_57' title='bbox 645 1634 698 1717; x_wconf 91' lang='lat' dir='ltr'>qui</span> <span class='ocrx_word' id='word_1_58' title='bbox 728 1635 760 1695; x_wconf 92' lang='lat' dir='ltr'>in</span> <span class='ocrx_word' id='word_1_59' title='bbox 784 1633 880 1695; x_wconf 92' lang='lat' dir='ltr'>domo</span> <span class='ocrx_word' id='word_1_60' title='bbox 904 1632 1071 1716; x_wconf 90' lang='lat' dir='ltr'>simplicis,</span> <span class='ocrx_word' id='word_1_61' title='bbox 1100 1654 1173 1695; x_wconf 93' lang='lat' dir='ltr'>cum</span> <span class='ocrx_word' id='word_1_62' title='bbox 1204 1653 1271 1716; x_wconf 92' lang='lat' dir='ltr'>quo</span> <span class='ocrx_word' id='word_1_63' title='bbox 1302 1645 1354 1697; x_wconf 87' lang='lat' dir='ltr'>est</span> <span class='ocrx_word' id='word_1_64' title='bbox 1377 1657 1437 1698; x_wconf 88' lang='lat' dir='ltr'>ser·</span> 
     </span>
     <span class='ocr_line' id='line_1_10' title="bbox 483 1734 1437 1817; baseline 0.003 -21"><span class='ocrx_word' id='word_1_65' title='bbox 483 1736 655 1797; x_wconf 87' lang='lat' dir='ltr'>mocinatio</span> <span class='ocrx_word' id='word_1_66' title='bbox 678 1735 750 1809; x_wconf 90' lang='lat' dir='ltr'>Dei,</span> <span class='ocrx_word' id='word_1_67' title='bbox 771 1746 802 1798; x_wconf 90' lang='lat' dir='ltr'>et</span> <span class='ocrx_word' id='word_1_68' title='bbox 822 1735 876 1817; x_wconf 94' lang='lat' dir='ltr'>qui</span> <span class='ocrx_word' id='word_1_69' title='bbox 896 1744 1108 1817; x_wconf 82' lang='lat' dir='ltr'>correptorem</span> <span class='ocrx_word' id='word_1_70' title='bbox 1127 1734 1257 1797; x_wconf 68' lang='lat' dir='ltr'>malitiae</span> <span class='ocrx_word' id='word_1_71' title='bbox 1279 1736 1368 1800; x_wconf 79' lang='lat' dir='ltr'>videt</span> <span class='ocrx_word' id='word_1_72' title='bbox 1383 1757 1437 1799; x_wconf 90' lang='lat' dir='ltr'>au·</span> 
     </span>
     <span class='ocr_line' id='line_1_11' title="bbox 484 1835 1437 1923; baseline 0.003 -24"><span class='ocrx_word' id='word_1_73' title='bbox 484 1837 601 1917; x_wconf 88' lang='lat' dir='ltr'>gelum,</span> <span class='ocrx_word' id='word_1_74' title='bbox 617 1858 681 1898; x_wconf 91' lang='lat' dir='ltr'>non</span> <span class='ocrx_word' id='word_1_75' title='bbox 706 1836 884 1917; x_wconf 89' lang='lat' dir='ltr'>adtingunt.</span> <span class='ocrx_word' id='word_1_76' title='bbox 932 1838 1074 1917; x_wconf 83' lang='lat' dir='ltr'><strong>Angelus</strong></span> <span class='ocrx_word' id='word_1_77' title='bbox 1097 1835 1257 1920; x_wconf 87' lang='lat' dir='ltr'>siquidem</span> <span class='ocrx_word' id='word_1_78' title='bbox 1282 1839 1437 1923; x_wconf 84' lang='lat' dir='ltr'>scriptura</span> 
     </span>
     <span class='ocr_line' id='line_1_12' title="bbox 483 1937 1436 2024; baseline 0.005 -25"><span class='ocrx_word' id='word_1_79' title='bbox 483 1949 542 2014; x_wconf 70' lang='lat' dir='ltr'>est,</span> <span class='ocrx_word' id='word_1_80' title='bbox 568 1959 665 2018; x_wconf 85' lang='lat' dir='ltr'>quam</span> <span class='ocrx_word' id='word_1_81' title='bbox 699 1939 769 1999; x_wconf 90' lang='lat' dir='ltr'>Deo</span> <span class='ocrx_word' id='word_1_82' title='bbox 798 1938 943 2000; x_wconf 88' lang='lat' dir='ltr'>mittente</span> <span class='ocrx_word' id='word_1_83' title='bbox 974 1948 1100 2001; x_wconf 87' lang='lat' dir='ltr'>constat</span> <span class='ocrx_word' id='word_1_84' title='bbox 1129 1937 1171 2000; x_wconf 91' lang='lat' dir='ltr'>ad</span> <span class='ocrx_word' id='word_1_85' title='bbox 1204 1937 1436 2024; x_wconf 79' lang='lat' dir='ltr'>increpandam</span> 
     </span>
     <span class='ocr_line' id='line_1_13' title="bbox 485 2035 1436 2115; baseline 0.002 -16"><span class='ocrx_word' id='word_1_86' title='bbox 485 2037 637 2099; x_wconf 87' lang='lat' dir='ltr'>malitiam</span> <span class='ocrx_word' id='word_1_87' title='bbox 654 2035 832 2115; x_wconf 86' lang='lat' dir='ltr'>hominum,</span> <span class='ocrx_word' id='word_1_88' title='bbox 846 2039 880 2098; x_wconf 94' lang='lat' dir='ltr'>in</span> <span class='ocrx_word' id='word_1_89' title='bbox 903 2036 1014 2100; x_wconf 91' lang='lat' dir='ltr'>mundi</span> <span class='ocrx_word' id='word_1_90' title='bbox 1031 2035 1205 2100; x_wconf 82' lang='lat' dir='ltr'>Sodomam</span> <span class='ocrx_word' id='word_1_91' title='bbox 1220 2037 1436 2103; x_wconf 86' lang='lat' dir='ltr'>descendisse.</span> 
     </span>
     <span class='ocr_line' id='line_1_14' title="bbox 484 2136 1438 2221; baseline 0.005 -22"><span class='ocrx_word' id='word_1_92' title='bbox 484 2137 613 2214; x_wconf 83' lang='lat' dir='ltr'>Audite,</span> <span class='ocrx_word' id='word_1_93' title='bbox 624 2137 740 2220; x_wconf 86' lang='lat' dir='ltr'>inquit,</span> <span class='ocrx_word' id='word_1_94' title='bbox 751 2138 879 2200; x_wconf 78' lang='lat' dir='ltr'>verbum</span> <span class='ocrx_word' id='word_1_95' title='bbox 893 2138 1034 2215; x_wconf 87' lang='lat' dir='ltr'>Domini,</span> <span class='ocrx_word' id='word_1_96' title='bbox 1045 2138 1206 2221; x_wconf 86' lang='lat' dir='ltr'>principes</span> <span class='ocrx_word' id='word_1_97' title='bbox 1215 2136 1438 2216; x_wconf 87' lang='lat' dir='ltr'>Sodomorum,</span> 
     </span>
     <span class='ocr_line' id='line_1_15' title="bbox 484 2238 1436 2322; baseline 0.004 -21"><span class='ocrx_word' id='word_1_98' title='bbox 484 2238 613 2302; x_wconf 88' lang='lat' dir='ltr'>auribus</span> <span class='ocrx_word' id='word_1_99' title='bbox 633 2238 763 2321; x_wconf 82' lang='lat' dir='ltr'>percipe</span> <span class='ocrx_word' id='word_1_100' title='bbox 786 2241 881 2301; x_wconf 84' lang='lat' dir='ltr'>rerba</span> <span class='ocrx_word' id='word_1_101' title='bbox 896 2260 967 2301; x_wconf 90' lang='lat' dir='ltr'>mea</span> <span class='ocrx_word' id='word_1_102' title='bbox 982 2240 1119 2322; x_wconf 89' lang='lat' dir='ltr'>populos</span> <span class='ocrx_word' id='word_1_103' title='bbox 1141 2240 1319 2303; x_wconf 71' lang='lat' dir='ltr'>Gomorra.</span> <span class='ocrx_word' id='word_1_104' title='bbox 1366 2241 1436 2306; x_wconf 91' lang='lat' dir='ltr'>Ser·</span> 
     </span>
     <span class='ocr_line' id='line_1_16' title="bbox 483 2340 1438 2423; baseline 0.003 -20"><span class='ocrx_word' id='word_1_105' title='bbox 483 2341 631 2404; x_wconf 73' lang='lat' dir='ltr'>siendum</span> <span class='ocrx_word' id='word_1_106' title='bbox 655 2353 704 2404; x_wconf 89' lang='lat' dir='ltr'>est</span> <span class='ocrx_word' id='word_1_107' title='bbox 725 2361 801 2420; x_wconf 90' lang='lat' dir='ltr'>ergo</span> <span class='ocrx_word' id='word_1_108' title='bbox 817 2341 993 2423; x_wconf 89' lang='lat' dir='ltr'>scripturis,</span> <span class='ocrx_word' id='word_1_109' title='bbox 1007 2362 1074 2403; x_wconf 91' lang='lat' dir='ltr'>non</span> <span class='ocrx_word' id='word_1_110' title='bbox 1098 2340 1341 2405; x_wconf 89' lang='lat' dir='ltr'>dominandum.</span> <span class='ocrx_word' id='word_1_111' title='bbox 1367 2343 1438 2408; x_wconf 90' lang='lat' dir='ltr'>Nisi</span> 
     </span>
     <span class='ocr_line' id='line_1_17' title="bbox 484 2438 1439 2527; baseline 0.001 -22"><span class='ocrx_word' id='word_1_112' title='bbox 484 2445 562 2506; x_wconf 78' lang='lat' dir='ltr'>sorte</span> <span class='ocrx_word' id='word_1_113' title='bbox 578 2445 650 2527; x_wconf 88' lang='lat' dir='ltr'>quis</span> <span class='ocrx_word' id='word_1_114' title='bbox 665 2444 818 2526; x_wconf 90' lang='lat' dir='ltr'>seipsum</span> <span class='ocrx_word' id='word_1_115' title='bbox 834 2438 967 2521; x_wconf 82' lang='lat' dir='ltr'>dignum</span> <span class='ocrx_word' id='word_1_116' title='bbox 988 2441 1108 2519; x_wconf 88' lang='lat' dir='ltr'>credat,</span> <span class='ocrx_word' id='word_1_117' title='bbox 1130 2455 1165 2504; x_wconf 93' lang='lat' dir='ltr'>ut</span> <span class='ocrx_word' id='word_1_118' title='bbox 1179 2444 1303 2525; x_wconf 89' lang='lat' dir='ltr'>angelis</span> <span class='ocrx_word' id='word_1_119' title='bbox 1325 2445 1439 2509; x_wconf 87' lang='lat' dir='ltr'>debeat</span> 
     </span>
     <span class='ocr_line' id='line_1_18' title="bbox 485 2542 1437 2626; baseline 0.003 -19"><span class='ocrx_word' id='word_1_120' title='bbox 485 2543 653 2609; x_wconf 82' lang='lat' dir='ltr'>dominari.</span> <span class='ocrx_word' id='word_1_121' title='bbox 700 2544 820 2626; x_wconf 83' lang='lat' dir='ltr'>Utique</span> <span class='ocrx_word' id='word_1_122' title='bbox 843 2542 901 2603; x_wconf 88' lang='lat' dir='ltr'>viri</span> <span class='ocrx_word' id='word_1_123' title='bbox 921 2542 1002 2625; x_wconf 87' lang='lat' dir='ltr'>justi</span> <span class='ocrx_word' id='word_1_124' title='bbox 1025 2564 1080 2605; x_wconf 90' lang='lat' dir='ltr'>eos</span> <span class='ocrx_word' id='word_1_125' title='bbox 1103 2542 1253 2605; x_wconf 87' lang='lat' dir='ltr'>adorasse</span> <span class='ocrx_word' id='word_1_126' title='bbox 1276 2556 1310 2607; x_wconf 88' lang='lat' dir='ltr'>et</span> <span class='ocrx_word' id='word_1_127' title='bbox 1331 2547 1437 2610; x_wconf 91' lang='lat' dir='ltr'>cibum</span> 
     </span>
     <span class='ocr_line' id='line_1_19' title="bbox 485 2644 1438 2727; baseline 0.001 -17"><span class='ocrx_word' id='word_1_128' title='bbox 485 2648 679 2710; x_wconf 81' lang='lat' dir='ltr'>ministrasse</span> <span class='ocrx_word' id='word_1_129' title='bbox 702 2648 864 2727; x_wconf 85' lang='lat' dir='ltr'>leguntur:</span> <span class='ocrx_word' id='word_1_130' title='bbox 888 2655 920 2706; x_wconf 90' lang='lat' dir='ltr'>et</span> <span class='ocrx_word' id='word_1_131' title='bbox 942 2645 989 2706; x_wconf 90' lang='lat' dir='ltr'>eis</span> <span class='ocrx_word' id='word_1_132' title='bbox 1018 2644 1159 2707; x_wconf 89' lang='lat' dir='ltr'>bumana</span> <span class='ocrx_word' id='word_1_133' title='bbox 1189 2646 1352 2710; x_wconf 81' lang='lat' dir='ltr'>temeritas</span> <span class='ocrx_word' id='word_1_134' title='bbox 1373 2649 1438 2711; x_wconf 86' lang='lat' dir='ltr'>vult</span> 
     </span>
     <span class='ocr_line' id='line_1_20' title="bbox 486 2745 1437 2834; baseline -0.002 -20"><span class='ocrx_word' id='word_1_135' title='bbox 486 2749 650 2834; x_wconf 79' lang='lat' dir='ltr'>praeferri?</span> <span class='ocrx_word' id='word_1_136' title='bbox 675 2750 832 2813; x_wconf 90' lang='lat' dir='ltr'>Cibantur</span> <span class='ocrx_word' id='word_1_137' title='bbox 857 2760 960 2809; x_wconf 88' lang='lat' dir='ltr'>autem</span> <span class='ocrx_word' id='word_1_138' title='bbox 983 2745 1059 2809; x_wconf 91' lang='lat' dir='ltr'>fidei</span> <span class='ocrx_word' id='word_1_139' title='bbox 1075 2759 1107 2809; x_wconf 90' lang='lat' dir='ltr'>et</span> <span class='ocrx_word' id='word_1_140' title='bbox 1126 2747 1286 2811; x_wconf 87' lang='lat' dir='ltr'>bonorum</span> <span class='ocrx_word' id='word_1_141' title='bbox 1306 2772 1437 2834; x_wconf 89' lang='lat' dir='ltr'>operum</span> 
     </span>
     <span class='ocr_line' id='line_1_21' title="bbox 487 2845 1436 2931; baseline 0.002 -19"><span class='ocrx_word' id='word_1_142' title='bbox 487 2852 577 2914; x_wconf 88' lang='lat' dir='ltr'>cibis.</span> <span class='ocrx_word' id='word_1_143' title='bbox 623 2852 706 2912; x_wconf 90' lang='lat' dir='ltr'>Nam</span> <span class='ocrx_word' id='word_1_144' title='bbox 723 2861 755 2910; x_wconf 86' lang='lat' dir='ltr'>et</span> <span class='ocrx_word' id='word_1_145' title='bbox 769 2847 874 2927; x_wconf 86' lang='lat' dir='ltr'>magui</span> <span class='ocrx_word' id='word_1_146' title='bbox 888 2845 1014 2909; x_wconf 87' lang='lat' dir='ltr'>consilii</span> <span class='ocrx_word' id='word_1_147' title='bbox 1024 2847 1171 2927; x_wconf 87' lang='lat' dir='ltr'>angelum</span> <span class='ocrx_word' id='word_1_148' title='bbox 1188 2846 1230 2909; x_wconf 88' lang='lat' dir='ltr'>ad</span> <span class='ocrx_word' id='word_1_149' title='bbox 1241 2861 1377 2931; x_wconf 86' lang='lat' dir='ltr'>puteum</span> <span class='ocrx_word' id='word_1_150' title='bbox 1394 2852 1436 2914; x_wconf 84' lang='lat' dir='ltr'>sie</span> 
     </span>
     <span class='ocr_line' id='line_1_22' title="bbox 487 2948 1437 3015; baseline 0.003 -3"><span class='ocrx_word' id='word_1_151' title='bbox 487 2951 606 3013; x_wconf 83' lang='lat' dir='ltr'>cibavit</span> <span class='ocrx_word' id='word_1_152' title='bbox 616 2950 728 3010; x_wconf 88' lang='lat' dir='ltr'>mulier</span> <span class='ocrx_word' id='word_1_153' title='bbox 743 2949 949 3010; x_wconf 87' lang='lat' dir='ltr'>Samaritana.</span> <span class='ocrx_word' id='word_1_154' title='bbox 996 2948 1041 3011; x_wconf 91' lang='lat' dir='ltr'>Et</span> <span class='ocrx_word' id='word_1_155' title='bbox 1052 2949 1130 3011; x_wconf 85' lang='lat' dir='ltr'>sorte</span> <span class='ocrx_word' id='word_1_156' title='bbox 1140 2970 1197 3012; x_wconf 91' lang='lat' dir='ltr'>eos</span> <span class='ocrx_word' id='word_1_157' title='bbox 1209 2949 1362 3015; x_wconf 87' lang='lat' dir='ltr'>adorasse</span> <span class='ocrx_word' id='word_1_158' title='bbox 1374 2973 1437 3015; x_wconf 92' lang='lat' dir='ltr'>non</span> 
     </span>
     <span class='ocr_line' id='line_1_23' title="bbox 486 3048 1440 3135; baseline 0.003 -21"><span class='ocrx_word' id='word_1_159' title='bbox 486 3051 636 3133; x_wconf 87' lang='lat' dir='ltr'>proderit,</span> <span class='ocrx_word' id='word_1_160' title='bbox 666 3049 691 3110; x_wconf 94' lang='lat' dir='ltr'>si</span> <span class='ocrx_word' id='word_1_161' title='bbox 723 3050 816 3111; x_wconf 89' lang='lat' dir='ltr'>cibus</span> <span class='ocrx_word' id='word_1_162' title='bbox 854 3048 1065 3112; x_wconf 87' lang='lat' dir='ltr'>subtrabatur.</span> <span class='ocrx_word' id='word_1_163' title='bbox 1126 3051 1243 3113; x_wconf 92' lang='lat' dir='ltr'>Nonne</span> <span class='ocrx_word' id='word_1_164' title='bbox 1276 3053 1440 3135; x_wconf 75' lang='lat' dir='ltr'>quarendi</span> 
     </span>
     <span class='ocr_line' id='line_1_24' title="bbox 486 3150 1440 3234; baseline 0.003 -20"><span class='ocrx_word' id='word_1_165' title='bbox 486 3152 592 3215; x_wconf 88' lang='lat' dir='ltr'>studio</span> <span class='ocrx_word' id='word_1_166' title='bbox 602 3152 739 3231; x_wconf 81' lang='lat' dir='ltr'>viguisse</span> <span class='ocrx_word' id='word_1_167' title='bbox 749 3152 898 3213; x_wconf 76' lang='lat' dir='ltr'>scribitur</span> <span class='ocrx_word' id='word_1_168' title='bbox 908 3151 1103 3227; x_wconf 88' lang='lat' dir='ltr'>Patriarcba,</span> <span class='ocrx_word' id='word_1_169' title='bbox 1113 3150 1169 3234; x_wconf 92' lang='lat' dir='ltr'>qui</span> <span class='ocrx_word' id='word_1_170' title='bbox 1185 3154 1306 3215; x_wconf 87' lang='lat' dir='ltr'>scalam</span> <span class='ocrx_word' id='word_1_171' title='bbox 1319 3153 1440 3231; x_wconf 86' lang='lat' dir='ltr'>ridens,</span> 
     </span>
     <span class='ocr_line' id='line_1_25' title="bbox 487 3252 1441 3336; baseline 0.005 -21"><span class='ocrx_word' id='word_1_172' title='bbox 487 3254 579 3336; x_wconf 87' lang='lat' dir='ltr'>eujus</span> <span class='ocrx_word' id='word_1_173' title='bbox 594 3252 758 3314; x_wconf 84' lang='lat' dir='ltr'>summitas</span> <span class='ocrx_word' id='word_1_174' title='bbox 775 3254 875 3316; x_wconf 69' lang='lat' dir='ltr'>caelos</span> <span class='ocrx_word' id='word_1_175' title='bbox 892 3254 1044 3334; x_wconf 86' lang='lat' dir='ltr'>tangebat</span> <span class='ocrx_word' id='word_1_176' title='bbox 1059 3254 1191 3333; x_wconf 84' lang='lat' dir='ltr'>angelos</span> <span class='ocrx_word' id='word_1_177' title='bbox 1205 3254 1441 3320; x_wconf 87' lang='lat' dir='ltr'>adscendentes</span> 
     </span>
     <span class='ocr_line' id='line_1_26' title="bbox 487 3352 1438 3436; baseline 0.005 -21"><span class='ocrx_word' id='word_1_178' title='bbox 487 3365 519 3416; x_wconf 91' lang='lat' dir='ltr'>et</span> <span class='ocrx_word' id='word_1_179' title='bbox 542 3352 774 3417; x_wconf 84' lang='lat' dir='ltr'>descendentes</span> <span class='ocrx_word' id='word_1_180' title='bbox 798 3353 885 3428; x_wconf 88' lang='lat' dir='ltr'>vidit,</span> <span class='ocrx_word' id='word_1_181' title='bbox 908 3366 940 3415; x_wconf 89' lang='lat' dir='ltr'>et</span> <span class='ocrx_word' id='word_1_182' title='bbox 961 3355 1066 3436; x_wconf 90' lang='lat' dir='ltr'>ipsum</span> <span class='ocrx_word' id='word_1_183' title='bbox 1092 3354 1267 3417; x_wconf 92' lang='lat' dir='ltr'>Dominum</span> <span class='ocrx_word' id='word_1_184' title='bbox 1290 3357 1438 3420; x_wconf 83' lang='lat' dir='ltr'>innixum</span> 
     </span>
     <span class='ocr_line' id='line_1_27' title="bbox 488 3454 1441 3537; baseline 0.006 -20"><span class='ocrx_word' id='word_1_185' title='bbox 488 3457 594 3533; x_wconf 84' lang='lat' dir='ltr'>scalae,</span> <span class='ocrx_word' id='word_1_186' title='bbox 623 3469 654 3519; x_wconf 90' lang='lat' dir='ltr'>et</span> <span class='ocrx_word' id='word_1_187' title='bbox 685 3478 756 3518; x_wconf 91' lang='lat' dir='ltr'>cum</span> <span class='ocrx_word' id='word_1_188' title='bbox 787 3456 902 3537; x_wconf 86' lang='lat' dir='ltr'>angelo</span> <span class='ocrx_word' id='word_1_189' title='bbox 940 3454 1043 3519; x_wconf 88' lang='lat' dir='ltr'>donec</span> <span class='ocrx_word' id='word_1_190' title='bbox 1082 3477 1193 3519; x_wconf 83' lang='lat' dir='ltr'>arrrora</span> <span class='ocrx_word' id='word_1_191' title='bbox 1226 3458 1441 3534; x_wconf 85' lang='lat' dir='ltr'>illucesceret,</span> 
     </span>
     <span class='ocr_line' id='line_1_28' title="bbox 485 3557 1441 3643; baseline 0 -21"><span class='ocrx_word' id='word_1_192' title='bbox 485 3559 670 3624; x_wconf 89' lang='lat' dir='ltr'>luctaminis</span> <span class='ocrx_word' id='word_1_193' title='bbox 693 3572 853 3621; x_wconf 86' lang='lat' dir='ltr'>certamen</span> <span class='ocrx_word' id='word_1_194' title='bbox 878 3557 1037 3619; x_wconf 86' lang='lat' dir='ltr'>exercuit:</span> <span class='ocrx_word' id='word_1_195' title='bbox 1070 3578 1129 3620; x_wconf 88' lang='lat' dir='ltr'>nec</span> <span class='ocrx_word' id='word_1_196' title='bbox 1153 3564 1238 3636; x_wconf 87' lang='lat' dir='ltr'>ante,</span> <span class='ocrx_word' id='word_1_197' title='bbox 1261 3561 1303 3623; x_wconf 91' lang='lat' dir='ltr'>ab</span> <span class='ocrx_word' id='word_1_198' title='bbox 1327 3561 1441 3643; x_wconf 85' lang='lat' dir='ltr'>angelo</span> 
     </span>
     <span class='ocr_line' id='line_1_29' title="bbox 487 3656 1440 3744; baseline 0 -20"><span class='ocrx_word' id='word_1_199' title='bbox 487 3663 646 3744; x_wconf 83' lang='lat' dir='ltr'>fatigatus,</span> <span class='ocrx_word' id='word_1_200' title='bbox 669 3660 827 3741; x_wconf 78' lang='lat' dir='ltr'>acquievit</span> <span class='ocrx_word' id='word_1_201' title='bbox 853 3668 888 3719; x_wconf 88' lang='lat' dir='ltr'>ut</span> <span class='ocrx_word' id='word_1_202' title='bbox 914 3656 1051 3734; x_wconf 89' lang='lat' dir='ltr'>cederet,</span> <span class='ocrx_word' id='word_1_203' title='bbox 1075 3679 1170 3740; x_wconf 90' lang='lat' dir='ltr'>quam</span> <span class='ocrx_word' id='word_1_204' title='bbox 1196 3659 1315 3722; x_wconf 80' lang='lat' dir='ltr'>femore</span> <span class='ocrx_word' id='word_1_205' title='bbox 1342 3661 1440 3724; x_wconf 89' lang='lat' dir='ltr'>altero</span> 
     </span>
     <span class='ocr_line' id='line_1_30' title="bbox 488 3759 1440 3844; baseline 0.002 -19"><span class='ocrx_word' id='word_1_206' title='bbox 488 3762 683 3837; x_wconf 85' lang='lat' dir='ltr'>debilitatus,</span> <span class='ocrx_word' id='word_1_207' title='bbox 700 3759 933 3823; x_wconf 86' lang='lat' dir='ltr'>benedictionis</span> <span class='ocrx_word' id='word_1_208' title='bbox 953 3760 1084 3838; x_wconf 84' lang='lat' dir='ltr'>gratiam</span> <span class='ocrx_word' id='word_1_209' title='bbox 1107 3760 1171 3821; x_wconf 82' lang='lat' dir='ltr'>voti</span> <span class='ocrx_word' id='word_1_210' title='bbox 1194 3781 1327 3844; x_wconf 89' lang='lat' dir='ltr'>compos</span> <span class='ocrx_word' id='word_1_211' title='bbox 1350 3783 1440 3827; x_wconf 88' lang='lat' dir='ltr'>acce-</span> 
     </span>
     <span class='ocr_line' id='line_1_31' title="bbox 488 3861 1440 3945; baseline 0.003 -20"><span class='ocrx_word' id='word_1_212' title='bbox 488 3864 583 3925; x_wconf 86' lang='lat' dir='ltr'>dente</span> <span class='ocrx_word' id='word_1_213' title='bbox 607 3864 721 3942; x_wconf 85' lang='lat' dir='ltr'>angelo</span> <span class='ocrx_word' id='word_1_214' title='bbox 743 3871 926 3942; x_wconf 86' lang='lat' dir='ltr'>reportaret.</span> <span class='ocrx_word' id='word_1_215' title='bbox 967 3861 1049 3923; x_wconf 75' lang='lat' dir='ltr'>Haec</span> <span class='ocrx_word' id='word_1_216' title='bbox 1073 3862 1102 3923; x_wconf 91' lang='lat' dir='ltr'>ei</span> <span class='ocrx_word' id='word_1_217' title='bbox 1125 3863 1158 3923; x_wconf 88' lang='lat' dir='ltr'>in</span> <span class='ocrx_word' id='word_1_218' title='bbox 1181 3862 1306 3945; x_wconf 91' lang='lat' dir='ltr'>spiritu,</span> <span class='ocrx_word' id='word_1_219' title='bbox 1329 3866 1440 3928; x_wconf 89' lang='lat' dir='ltr'>autin</span> 
     </span>
     <span class='ocr_line' id='line_1_32' title="bbox 486 3959 1441 4048; baseline 0.005 -25"><span class='ocrx_word' id='word_1_220' title='bbox 486 3963 589 4040; x_wconf 84' lang='lat' dir='ltr'>figura</span> <span class='ocrx_word' id='word_1_221' title='bbox 612 3962 829 4038; x_wconf 85' lang='lat' dir='ltr'>contigerunt:</span> <span class='ocrx_word' id='word_1_222' title='bbox 862 3959 918 4019; x_wconf 90' lang='lat' dir='ltr'>sed</span> <span class='ocrx_word' id='word_1_223' title='bbox 941 3962 1047 4038; x_wconf 87' lang='lat' dir='ltr'>nobis,</span> <span class='ocrx_word' id='word_1_224' title='bbox 1068 3965 1224 4045; x_wconf 84' lang='lat' dir='ltr'>Apostolo</span> <span class='ocrx_word' id='word_1_225' title='bbox 1246 3974 1339 4042; x_wconf 86' lang='lat' dir='ltr'>teste,</span> <span class='ocrx_word' id='word_1_226' title='bbox 1361 3966 1441 4048; x_wconf 87' lang='lat' dir='ltr'>figu-</span> 
     </span>
     <span class='ocr_line' id='line_1_33' title="bbox 485 4058 1442 4146; baseline 0.009 -24"><span class='ocrx_word' id='word_1_227' title='bbox 485 4061 564 4121; x_wconf 86' lang='lat' dir='ltr'>ralia</span> <span class='ocrx_word' id='word_1_228' title='bbox 586 4058 734 4119; x_wconf 84' lang='lat' dir='ltr'>serviunt.</span> <span class='ocrx_word' id='word_1_229' title='bbox 782 4060 818 4119; x_wconf 92' lang='lat' dir='ltr'>In</span> <span class='ocrx_word' id='word_1_230' title='bbox 843 4058 892 4118; x_wconf 84' lang='lat' dir='ltr'>via</span> <span class='ocrx_word' id='word_1_231' title='bbox 919 4081 994 4140; x_wconf 86' lang='lat' dir='ltr'>ergo</span> <span class='ocrx_word' id='word_1_232' title='bbox 1021 4064 1287 4144; x_wconf 83' lang='lat' dir='ltr'>peregrinationis</span> <span class='ocrx_word' id='word_1_233' title='bbox 1311 4080 1442 4146; x_wconf 81' lang='lat' dir='ltr'>nostra,</span> 
     </span>
     <span class='ocr_line' id='line_1_34' title="bbox 460 4153 1439 4249; baseline 0.008 -26"><span class='ocrx_word' id='word_1_234' title='bbox 460 4153 464 4160; x_wconf 51' lang='lat'>¹</span> <span class='ocrx_word' id='word_1_235' title='bbox 485 4157 760 4243; x_wconf 84' lang='lat' dir='ltr'>apprehendamus</span> <span class='ocrx_word' id='word_1_236' title='bbox 783 4160 913 4239; x_wconf 84' lang='lat' dir='ltr'>angelos</span> <span class='ocrx_word' id='word_1_237' title='bbox 936 4164 1172 4246; x_wconf 83' lang='lat' dir='ltr'>scripturarum,</span> <span class='ocrx_word' id='word_1_238' title='bbox 1194 4177 1226 4227; x_wconf 90' lang='lat' dir='ltr'>et</span> <span class='ocrx_word' id='word_1_239' title='bbox 1247 4166 1439 4249; x_wconf 83' lang='lat' dir='ltr'>infatigabili</span> 
     </span>
     <span class='ocr_line' id='line_1_35' title="bbox 486 4261 1440 4341; baseline 0.012 -17"><span class='ocrx_word' id='word_1_240' title='bbox 486 4261 657 4325; x_wconf 87' lang='lat' dir='ltr'>certamine</span> <span class='ocrx_word' id='word_1_241' title='bbox 668 4262 827 4324; x_wconf 85' lang='lat' dir='ltr'>luctantes</span> <span class='ocrx_word' id='word_1_242' title='bbox 843 4284 916 4325; x_wconf 87' lang='lat' dir='ltr'>cum</span> <span class='ocrx_word' id='word_1_243' title='bbox 932 4265 988 4338; x_wconf 88' lang='lat' dir='ltr'>eis,</span> <span class='ocrx_word' id='word_1_244' title='bbox 1002 4286 1066 4327; x_wconf 90' lang='lat' dir='ltr'>non</span> <span class='ocrx_word' id='word_1_245' title='bbox 1083 4266 1244 4341; x_wconf 87' lang='lat' dir='ltr'>cedamus,</span> <span class='ocrx_word' id='word_1_246' title='bbox 1257 4267 1364 4334; x_wconf 88' lang='lat' dir='ltr'>donee</span> <span class='ocrx_word' id='word_1_247' title='bbox 1380 4294 1440 4334; x_wconf 92' lang='lat' dir='ltr'>nos</span> 
     </span>
     <span class='ocr_line' id='line_1_36' title="bbox 487 4362 1439 4436; baseline 0.011 -12"><span class='ocrx_word' id='word_1_248' title='bbox 487 4362 624 4425; x_wconf 77' lang='lat' dir='ltr'>veritatis</span> <span class='ocrx_word' id='word_1_249' title='bbox 647 4382 758 4424; x_wconf 90' lang='lat' dir='ltr'>aurora</span> <span class='ocrx_word' id='word_1_250' title='bbox 781 4363 921 4425; x_wconf 89' lang='lat' dir='ltr'>illustret.</span> <span class='ocrx_word' id='word_1_251' title='bbox 969 4365 1038 4427; x_wconf 89' lang='lat' dir='ltr'>Nec</span> <span class='ocrx_word' id='word_1_252' title='bbox 1062 4368 1161 4429; x_wconf 89' lang='lat' dir='ltr'>solam</span> <span class='ocrx_word' id='word_1_253' title='bbox 1182 4390 1277 4432; x_wconf 92' lang='lat' dir='ltr'>nosse</span> <span class='ocrx_word' id='word_1_254' title='bbox 1298 4372 1439 4436; x_wconf 87' lang='lat' dir='ltr'>sufficiat</span> 
     </span>
    </p>
   </div>
   <div class='ocr_carea' id='block_1_3' title="bbox 0 0 1944 5467">
    <p class='ocr_par' dir='ltr' id='par_1_3' title="bbox 0 0 1944 5467">
     <span class='ocr_line' id='line_1_37' title="bbox 0 0 1944 5467; baseline 0 0"><span class='ocrx_word' id='word_1_255' title='bbox 0 0 1944 5467; x_wconf 95' lang='lat' dir='ltr'> </span> 
     </span>
    </p>
   </div>
  </div>
 </body>
</html>
