3867 5467
482 775 505 835 8
736 791 873 838 Joaurvrs
889 789 1170 837 saaasnaalansrs
1303 773 1387 853 [ura.
1404 792 1452 836 vr.

486 943 622 1027 gluvies,
646 954 769 1009 vastare
794 942 931 1028 possint,
955 955 989 1006 et
1012 945 1153 1007 lacerare
1178 943 1392 1027 provinciam,
1415 954 1449 1010 et

487 1045 634 1128 injuriam
657 1045 824 1129 principis,
846 1045 938 1129 quasi
961 1045 1044 1107 vires
1065 1046 1164 1108 totius
1185 1045 1370 1127 reipublicae
1387 1066 1446 1109 ex·

487 1142 623 1209 haurire.
683 1147 838 1229 Alioquin
868 1156 901 1209 et
936 1147 1007 1228 ipse
1036 1146 1069 1207 in
1099 1157 1274 1226 egestatem
1309 1148 1445 1227 incidet,

488 1248 738 1330 provincialibus
753 1247 904 1312 omnibus
918 1247 1061 1323 odiosus,
1071 1247 1254 1310 redditurus
1269 1269 1327 1310 suo
1336 1247 1446 1331 judici

487 1348 644 1414 rationem
663 1348 697 1412 in
720 1349 870 1414 destricto
891 1350 1049 1425 examine,
1065 1347 1106 1410 de
1122 1349 1273 1431 operibus
1290 1369 1443 1411 manuum

490 1473 630 1533 suarum,
644 1467 677 1519 et
691 1453 731 1516 de
745 1452 877 1517 laesione
897 1452 1152 1536 provincialium,
1168 1473 1250 1536 quos
1264 1452 1397 1536 injuste,
1412 1464 1446 1517 et

490 1559 581 1641 quasi
597 1580 653 1641 per
667 1556 809 1620 fraudem
822 1558 882 1619 sub
894 1558 1007 1619 umbra
1019 1556 1164 1619 tuitionis
1175 1576 1272 1619 manu
1282 1555 1443 1639 spoliavit,

489 1669 522 1721 et
535 1659 685 1722 laceravit
699 1657 820 1720 inermi.

489 1826 571 1912 Cap.
587 1833 617 1891 2.
643 1827 735 1902 Quod
754 1829 875 1893 militia
898 1828 1058 1893 delectum
1080 1830 1197 1910 eripit,
1215 1829 1385 1892 scientiam
1408 1839 1441 1894 et

824 1931 1105 1993 exercitationem.

530 2063 666 2126 Rasrer
696 2072 817 2127 armata
846 2084 970 2140 manus,
993 2085 1065 2147 qnae
1091 2073 1283 2126 castrensem
1309 2072 1342 2126 et
1367 2084 1439 2127 cru·

487 2176 595 2229 entam
620 2165 667 2242 (ut
691 2164 811 2228 dictum
836 2167 896 2242 est)
920 2175 1051 2227 exercet
1077 2163 1235 2227 militiam.
1281 2165 1318 2226 ln
1341 2164 1439 2246 hujus

487 2277 593 2330 autern
629 2264 847 2328 moderatione
876 2266 1035 2348 sapientia
1064 2276 1096 2327 et
1125 2263 1251 2347 justitia
1282 2264 1440 2347 principis

485 2368 593 2429 elucet
617 2366 799 2449 plurimum.
856 2367 902 2429 Ut
926 2366 1012 2427 enirn
1038 2366 1083 2428 ait
1102 2365 1257 2447 vegetius
1283 2366 1439 2445 Renatus,

486 2468 593 2531 nullus
623 2478 672 2529 est
702 2488 797 2551 quem
828 2478 985 2550 oporteat,
1015 2468 1066 2529 vel
1095 2466 1197 2547 plura,
1227 2469 1278 2531 vel
1306 2468 1438 2531 meliora

485 2570 579 2644 scire,
590 2590 685 2653 quam
701 2567 890 2652 principem,
902 2567 994 2650 cujus
1010 2567 1158 2631 doctrina
1174 2569 1273 2633 debet
1287 2570 1439 2634 omnibus

485 2670 638 2754 prodesse
662 2669 823 2753 subjectis.
869 2669 975 2741 Quum
993 2668 1077 2732 enim
1093 2668 1184 2750 pacis
1198 2669 1338 2751 itemque
1361 2670 1438 2732 belli

485 2772 602 2836 debeat
616 2793 714 2855 opera
736 2770 904 2848 moderari,
921 2772 1030 2853 legum
1052 2768 1162 2852 reique
1184 2768 1308 2832 bellicae
1330 2769 1437 2852 ipsum

485 2884 613 2956 oportet
647 2873 764 2934 habere
794 2873 949 2955 peritiam.
1008 2872 1054 2935 Et
1082 2869 1214 2953 quidem
1243 2869 1283 2932 de
1313 2873 1438 2953 pacatis

485 2973 599 3038 studiis
635 2972 742 3054 aliqua
777 2972 923 3054 superius
959 2972 1049 3035 dicta
1084 2984 1169 3050 sunt,
1198 2994 1284 3036 nunc
1321 2995 1436 3038 manus
1515 3031 1519 3039 .

484 3085 606 3139 armata
637 3072 817 3150 discutitur,
847 3094 919 3157 quae
955 3073 1026 3136 sine
1063 3074 1202 3148 delectu,
1232 3075 1374 3152 scientia,
1403 3086 1437 3139 et

484 3173 714 3240 exercitatione
735 3194 800 3237 non
817 3175 1019 3239 convalescit.
1066 3174 1188 3251 Quovis
1203 3176 1286 3239 enim
1303 3176 1435 3240 istorum

485 3286 643 3351 cessante,
667 3296 732 3337 non
762 3275 895 3357 prodest
921 3277 1045 3341 inutilis
1074 3299 1197 3342 manus.
1247 3280 1291 3342 At
1314 3280 1347 3342 in
1372 3279 1437 3357 his,

485 3376 619 3439 scientia
640 3385 673 3438 et
695 3375 881 3440 exercitatio
906 3378 1032 3440 utiliora
1054 3390 1137 3441 sunt.
1183 3380 1327 3443 Scientia
1348 3382 1434 3443 euim

484 3476 530 3539 rei
544 3476 669 3539 bellicae
684 3475 860 3538 dimicandi
875 3477 973 3539 nutrit
987 3476 1165 3541 audaciam.
1210 3481 1315 3543 Nemo
1331 3481 1435 3545 iacere

485 3577 608 3652 metuit,
623 3576 712 3661 quod
734 3598 768 3640 se
791 3577 874 3639 bene
896 3576 1049 3641 didicisse
1065 3579 1209 3643 confidit.
1254 3582 1383 3644 Etenim
1400 3582 1433 3644 in

435 3671 438 3675 ¹
485 3680 654 3745 certamine
676 3681 834 3744 bellorum
854 3679 1031 3743 exercitata
1051 3682 1197 3763 paucitas
1212 3682 1253 3746 ad
1269 3682 1433 3746 victoriam

483 3784 659 3867 promptior
673 3795 731 3858 est,
743 3804 837 3867 quam
853 3782 941 3846 rudis
956 3793 989 3845 et
1002 3782 1132 3845 indocta
1147 3784 1317 3847 multitudo
1332 3806 1432 3869 expo·

485 3882 545 3945 sita
560 3903 686 3964 semper
700 3882 741 3945 ad
756 3881 887 3944 caedem.
911 3882 997 3953 Quid
1012 3883 1095 3945 enim
1109 3884 1274 3947 Romanos
1290 3886 1432 3965 gentium
1542 3957 1547 3965 ⁸

485 3981 628 4044 omnium
644 3981 719 4042 iecit
734 4002 805 4043 esse
822 3979 980 4043 victores?
1015 3982 1156 4046 Scientia
1172 3986 1281 4068 utique
1298 3998 1330 4049 et
1344 4008 1433 4049 exer-

484 4079 604 4156 citatio,
613 4092 646 4141 et
660 4079 751 4156 fides,
760 4100 855 4162 quam
872 4080 966 4143 electi
982 4102 1025 4144 ex
1040 4097 1236 4148 sacramento
1248 4087 1432 4170 reipublicae

484 4179 722 4262 impendebant.
770 4182 854 4244 Nam
874 4181 950 4264 quid
971 4181 1123 4247 adversus
1139 4186 1306 4249 Gallorum
1327 4188 1434 4249 multi·

483 4277 638 4354 tudinem,
654 4282 801 4344 Romana
816 4283 960 4364 paucitas
976 4284 1148 4347 valuisset?
1181 4285 1267 4357 Quid
1284 4286 1435 4351 adversus

483 4382 713 4446 Germanorum
729 4385 961 4468 proceritatem,
977 4386 1113 4449 brevitas
1129 4388 1286 4470 potuisset
1297 4385 1433 4452 audere?
