3867 5467
571 782 632 839 884
830 786 967 833 scissis
984 782 1262 828 asnasaemassis
1361 767 1448 846 [ma.
1466 785 1535 828 vin.

570 947 670 1021 toriae,
696 943 755 1006 etsi
786 942 868 1004 ratio
895 939 1047 1022 temporis
1076 957 1138 998 non
1169 936 1366 1021 acquiescat,
1396 958 1533 1021 eumque

568 1049 664 1112 fuisse
679 1045 849 1131 reprobum
866 1041 1014 1128 superius
1028 1039 1150 1103 dictum
1166 1053 1228 1104 est.
1261 1041 1421 1125 Regnare
1435 1042 1530 1126 siqui-

568 1148 641 1214 dem
665 1146 777 1222 voluit,
800 1158 832 1208 et
855 1165 918 1207 non
942 1165 962 1204 a
987 1140 1134 1217 Domino,
1157 1154 1189 1204 et
1212 1141 1273 1205 sub
1296 1164 1335 1204 eo
1363 1141 1478 1206 turrim
1499 1141 1529 1203 in

566 1248 681 1313 eoelum
704 1246 825 1332 erigere
843 1256 955 1308 conata
976 1256 1024 1305 est
1043 1264 1138 1317 amca,
1154 1240 1384 1327 dispergenda,
1409 1252 1443 1304 et
1459 1265 1528 1305 con-

565 1349 731 1415 fundenda
758 1345 942 1412 mortalitas.
985 1343 1232 1427 Progrediamur
1254 1343 1297 1406 ad
1322 1367 1414 1421 eum,
1435 1366 1523 1430 quem

566 1452 688 1539 populo
704 1451 813 1515 divina
827 1446 970 1535 praefecit
983 1445 1106 1521 electio,
1115 1446 1295 1531 datumque
1311 1449 1343 1509 in
1358 1448 1524 1533 reprobam

568 1553 763 1629 dominandi,
783 1573 847 1615 non
867 1548 1020 1635 regnandi
1041 1548 1236 1613 voluntatem
1261 1549 1421 1627 deseruit,
1439 1549 1526 1613 adeo

567 1679 632 1742 que
647 1655 772 1735 afflixit,
790 1668 839 1732 ut,
855 1664 988 1737 urgente
1003 1648 1122 1714 doloris
1131 1650 1292 1734 angustia,
1308 1666 1447 1716 mortem
1470 1653 1524 1716 sibi

566 1770 732 1843 cogeretur
754 1756 880 1820 inferre.
928 1752 1019 1817 Nihil
1034 1753 1118 1816 enim
1134 1765 1190 1817 aut
1207 1752 1376 1817 minimum
1395 1755 1523 1840 prodest

568 1881 644 1925 sana
659 1858 844 1944 assumptio,
857 1858 882 1921 si
897 1878 1093 1942 consequens
1108 1857 1174 1919 vita
1188 1854 1348 1932 dissentit,
1362 1880 1422 1920 nec
1438 1858 1522 1921 initis

564 1982 670 2023 rerum
688 1959 776 2044 apud
786 1958 929 2043 judicem
947 1957 1104 2030 obtinent,
1119 1956 1211 2038 cujus
1232 1960 1393 2020 sententia
1409 1957 1521 2043 pendet

566 2083 605 2125 ex
621 2061 693 2124 line.
742 2063 878 2143 liegum,
894 2078 926 2123 et
943 2059 1014 2123 libri
1031 2059 1154 2121 dierum
1170 2056 1303 2122 celebris
1319 2057 1455 2123 historia
1468 2072 1522 2137 est,

564 2164 596 2228 in
628 2186 703 2249 qua,
733 2176 862 2227 auctore
899 2161 1109 2248 Hieronymo,
1143 2159 1238 2225 lsrael
1275 2162 1432 2227 edocetur
1466 2162 1522 2227 sub

566 2266 710 2352 tyrannis
724 2265 764 2329 ab
779 2265 872 2328 initio
888 2263 1055 2327 laborasse.
1095 2266 1139 2327 Et
1155 2265 1178 2325 J
1182 2263 1255 2344 uda,
1270 2278 1393 2349 praeter
1410 2266 1520 2337 Das-id,

565 2369 696 2444 Josiam,
714 2384 745 2434 et
768 2367 950 2445 Ezechiam,
967 2389 1055 2450 reges
1076 2380 1186 2431 onmes
1201 2366 1354 2462 reprobos
1376 2367 1521 2432 habuisse

566 2483 769 2535 monstratur.
810 2468 1007 2533 Salomonem
1026 2482 1141 2549 tamen,
1155 2481 1188 2532 et
1208 2468 1291 2532 forte
1308 2468 1437 2555 aliquos
1450 2469 1519 2533 alio

565 2594 637 2638 rum
658 2574 692 2638 iu
716 2574 738 2635 J
742 2572 805 2636 uda
827 2571 1022 2636 convaluisse
1042 2570 1134 2635 facile
1156 2570 1361 2648 crediderim,
1385 2574 1520 2636 Domino

563 2688 742 2741 revocante.
789 2674 936 2760 Mihique
963 2674 1055 2738 fusile
1085 2671 1335 2759 persuadebitur
1365 2672 1518 2760 populum

563 2777 655 2842 durae
681 2778 822 2856 cervicis,
848 2791 879 2841 et
906 2775 1003 2840 corde
1031 2774 1231 2854 indomabili,
1255 2789 1286 2840 et
1314 2776 1372 2861 qui
1399 2798 1520 2862 semper

562 2882 681 2945 restitit
696 2880 824 2965 spiritui
840 2893 958 2951 sancto,
973 2891 1004 2941 et
1020 2899 1080 2940 non
1097 2875 1192 2939 modo
1209 2880 1344 2961 Moysen
1361 2877 1517 2943 famulum

561 2981 651 3067 legis,
667 2981 721 3045 sed
740 2986 842 3046 Deum
860 2980 1022 3045 dominum
1040 2978 1119 3065 legis
1136 2978 1430 3043 abominationibus
1444 3002 1519 3065 gen-

561 3084 641 3147 tium
658 3084 698 3147 ad
722 3083 918 3150 iracundiam
941 3082 1139 3169 provocavit,
1156 3103 1214 3166 pro
1236 3080 1441 3168 principibus
1456 3104 1520 3145 me·

560 3184 661 3247 ruisse
678 3199 838 3269 tyrannos.
886 3186 967 3248 Nam
991 3200 1153 3269 tyrannos,
1168 3203 1248 3265 quos
1268 3196 1397 3267 peccata
1422 3184 1518 3268 impe·

559 3296 653 3363 trant,
669 3285 839 3363 inducunt,
854 3298 885 3349 et
901 3286 1039 3368 erigunt,
1051 3285 1239 3372 poenitentia
1254 3284 1352 3364 delet,
1364 3284 1516 3357 excludit,

560 3399 591 3451 et
604 3386 740 3472 perimit.
771 3389 815 3449 Et
830 3385 958 3469 quidem
976 3401 1050 3450 ante
1065 3410 1155 3472 reges
1166 3410 1250 3463 suos,
1267 3389 1350 3453 sicut
1361 3390 1385 3451 J
1388 3387 1513 3453 udicum

559 3500 666 3553 narrat
682 3486 825 3567 historia,
839 3486 1015 3553 servierunt
1032 3512 1250 3576 saepenumero
1264 3489 1321 3553 filii
1341 3490 1441 3554 lsrael
1456 3492 1515 3555 sub

560 3592 714 3680 tyrannis,
738 3590 847 3656 multis
869 3603 901 3655 et
925 3590 1031 3665 variis,
1054 3615 1113 3677 pro
1138 3591 1374 3677 dispensatione
1395 3592 1512 3669 divina,

559 3696 665 3761 afflicti
683 3695 889 3781 temporibus,
906 3716 1054 3779 saepeque
1071 3707 1146 3758 sunt
1162 3693 1335 3757 clamantes
1351 3693 1392 3757 ad
1407 3696 1515 3758 Domi-

559 3820 635 3863 num
664 3799 798 3862 liberati.
846 3797 1043 3881 Licebatque
1069 3796 1161 3861 linito
1188 3809 1331 3880 tempore
1356 3796 1515 3883 dispensa-

556 3904 663 3977 tionis,
676 3922 749 3962 nece
766 3915 975 3983 tyrannorum
988 3911 1137 3963 excutere
1148 3900 1265 3984 jugum
1282 3898 1323 3963 de
1334 3898 1512 3964 cervicibus

556 4003 630 4075 suis,
647 4021 703 4061 nec
726 4000 898 4083 quisquam
919 4024 1042 4078 corum,
1059 4024 1194 4087 quorum
1220 4000 1341 4066 virtute
1357 3999 1512 4086 poenitens

555 4116 587 4166 et
621 4097 807 4163 humiliatus
843 4098 983 4184 populus
1019 4099 1223 4173 liberabatur,
1262 4099 1421 4184 arguitur,
1455 4096 1512 4161 sed

547 4202 695 4288 jucunda
711 4212 909 4287 posterorum
925 4201 1088 4275 memoria,
1103 4200 1194 4286 quasi
1218 4199 1362 4264 minister
1381 4197 1510 4263 Domini

552 4317 756 4369 memoratur.
796 4300 888 4380 Quod
913 4302 1087 4387 suppositis
1106 4302 1207 4388 liquet
1231 4301 1396 4387 exemplis.
1436 4304 1509 4367 Ser·

552 4407 678 4472 vierunt
702 4426 777 4487 ergo
804 4405 859 4469 lilii
885 4404 981 4470 Israel
1006 4404 1111 4489 Eglon
1136 4404 1201 4490 regi
1227 4403 1325 4468 Moab
1345 4402 1455 4505 decem
1478 4416 1511 4467 et

928 4611 971 4752 i
