3867 5467
505 697 564 756 tot
759 707 895 751 Joauuis
911 704 1204 749 sanasnanmusrs.
1302 686 1387 767 [nin.
1406 708 1461 752 vu.

507 858 645 924 neranda
662 857 834 942 penetralia
856 855 1036 943 proserpit?
1068 853 1153 931 Quid
1169 854 1316 942 denique
1336 872 1464 922 cautum

508 983 574 1024 esse
594 959 720 1043 poterit,
736 972 792 1021 nut
809 979 969 1032 securum,
986 954 1011 1018 si
1027 953 1178 1020 sanctitas
1194 957 1389 1044 incorrupta
1402 983 1466 1024 cor-

508 1058 694 1146 rumpitur?
725 1062 835 1124 Cesset
847 1057 1004 1124 altaribus
1019 1057 1184 1120 imminere
1200 1059 1361 1143 profanus
1375 1060 1467 1124 ardor

507 1162 661 1237 avaritia,
685 1176 716 1227 et
740 1186 759 1224 a
782 1162 877 1224 sacris
899 1160 1006 1245 adytis
1029 1159 1203 1242 repellatur
1224 1161 1394 1245 piaculare
1416 1167 1468 1227 fla-

508 1265 631 1349 gitium.
680 1266 795 1350 ltaque
824 1277 931 1325 castus
958 1275 989 1325 et
1021 1260 1152 1324 humilis
1178 1261 1325 1346 eligatur
1354 1264 1467 1330 nostris

508 1368 706 1454 temporibus
731 1367 911 1450 episcopus,
938 1379 974 1427 ut
1002 1362 1141 1426 locorum
1169 1386 1374 1451 quocunque
1398 1390 1466 1453 per·

509 1469 640 1543 venerit,
670 1467 774 1529 omnia
805 1464 879 1527 vitae
910 1462 1049 1548 propriso
1079 1462 1265 1545 integritate
1309 1467 1465 1551 purificet.

510 1575 582 1635 Nou
602 1569 722 1655 precio,
739 1567 791 1629 sed
817 1564 965 1650 precibus
986 1563 1153 1628 ordinetur
1175 1565 1324 1642 antistes,
1342 1582 1465 1634 tantum

508 1673 549 1734 ab
561 1672 682 1733 ambitu
695 1670 788 1732 debet
803 1690 869 1730 esse
881 1666 1050 1752 sepositus,
1064 1678 1100 1729 ut
1113 1681 1277 1749 quaeratur
1292 1670 1467 1755 cogendus,

509 1792 638 1856 rogatus
655 1771 792 1845 recedat,
809 1769 963 1832 invitatus
987 1766 1128 1851 effugiat.
1175 1767 1252 1833 Sola
1277 1768 1327 1834 illi
1353 1772 1465 1836 suffra·

509 1890 602 1957 genu
625 1873 792 1935 necessitas
807 1868 990 1934 excusandi.
1036 1871 1182 1932 Profecto
1204 1870 1288 1933 enim
1316 1872 1466 1957 indignus

509 1987 557 2038 est
579 1973 765 2048 sacerdotio,
787 1972 844 2035 nisi
869 1971 966 2036 suerit
989 1970 1156 2035 ordinatos
1177 1972 1312 2038 invitus.
1359 1977 1464 2053 Quum

510 2099 583 2139 sane
599 2073 744 2160 quisquis
760 2074 840 2136 lmnc
865 2084 1002 2137 sanctam
1027 2086 1059 2136 et
1074 2072 1286 2137 venerabilem
1313 2076 1464 2143 antistitis

510 2177 614 2242 sedem
632 2176 774 2261 pecuniae
790 2175 971 2239 interventu
984 2174 1129 2254 subiisse,
1141 2188 1197 2237 aut
1209 2175 1235 2237 si
1251 2177 1329 2262 quis
1341 2191 1378 2241 ut
1389 2178 1465 2244 alte

509 2301 581 2342 rum
593 2276 753 2340 ordinaret
767 2273 814 2337 vel
827 2275 971 2358 eligeret,
984 2273 1105 2358 aliquid
1120 2274 1276 2359 accepisse
1288 2276 1463 2364 detegitur,

511 2380 650 2443 adinstar
670 2377 791 2463 publici
816 2376 966 2455 criminis,
982 2392 1014 2440 et
1031 2375 1114 2441 laesae
1139 2377 1316 2460 majestatis
1339 2402 1465 2443 aarum

511 2481 596 2543 tione
612 2479 820 2564 proposita,n
842 2476 944 2562 gradu
968 2477 1133 2541 sacerdotii
1156 2478 1351 2545 retrahatur.
1398 2485 1462 2546 Neo

511 2582 615 2646 solum
632 2581 783 2664 deinceps
798 2580 917 2642 honore
931 2578 1062 2661 privari,
1080 2577 1134 2642 sed
1150 2594 1319 2665 perpetuae
1335 2603 1463 2669 quoque

511 2685 650 2749 infamiae
676 2682 819 2747 damnari
846 2679 1056 2758 decrevimus,
1083 2692 1116 2745 ut
1144 2703 1207 2759 eos,
1230 2703 1314 2766 quos
1342 2683 1462 2748 facinus

510 2810 569 2872 par
598 2786 792 2870 coinquinat,
822 2798 854 2847 et
885 2796 1004 2868 aequat,
1034 2796 1190 2868 utrosque
1227 2781 1342 2848 similis
1371 2809 1462 2873 poeua

509 2886 690 2950 comitetur.
735 2886 816 2948 Item
833 2883 1191 2950 Justininnusnovella:
1225 2880 1298 2947 Prae
1314 2888 1462 2954 omnibus

510 2987 597 3051 istud
621 2986 780 3049 observari
803 2985 972 3059 sancimus,
994 2999 1028 3047 ut
1056 2984 1163 3048 nullus
1187 3007 1245 3071 per
1272 2987 1461 3074 suffragium

509 3088 643 3173 alicujus
659 3087 798 3151 muneris
815 3090 982 3171 episcopus
996 3084 1170 3149 ordinetur.
1210 3086 1243 3151 Si
1261 3087 1342 3172 quid
1357 3101 1461 3154 autem

511 3188 573 3251 tale
588 3188 818 3261 committatur,
835 3188 895 3271 ipsi
911 3187 1024 3250 dantes
1038 3198 1070 3249 et
1085 3186 1285 3271 accipientes,
1300 3202 1335 3252 et
1353 3212 1460 3255 eorum

509 3287 697 3351 mediatores
727 3287 921 3350 damnationi
952 3287 1171 3373 subjiciantur.
1224 3290 1270 3355 Et
1308 3308 1461 3377 praterea

509 3387 565 3473 qui
592 3387 660 3463 dat,
682 3402 713 3451 et
736 3388 792 3473 qui
816 3389 943 3473 accipit,
967 3402 998 3451 et
1024 3387 1189 3466 mediator,
1213 3393 1384 3458 sacerdotii
1405 3407 1459 3458 aut

508 3489 583 3555 cleri
599 3490 717 3553 honore
734 3504 941 3555 removeatur.
988 3490 1082 3566 Quod
1099 3506 1202 3555 autem
1220 3513 1279 3575 pro
1294 3493 1355 3558 hnc
1369 3517 1461 3560 causa

508 3592 619 3657 datum
643 3605 702 3668 est,
726 3592 864 3656 ecclcsiae
886 3589 931 3654 illi
956 3590 1151 3668 vendicetur,
1173 3592 1266 3676 cujus
1288 3593 1392 3659 voluit
1414 3618 1460 3659 sn·

507 3696 683 3762 cerdatium
700 3717 893 3781 comparare.
941 3692 975 3755 Si
1000 3692 1081 3755 tone
1104 3690 1201 3757 laicus
1224 3694 1384 3760 mediator
1404 3719 1461 3782 pro

507 3797 565 3857 hac
586 3819 681 3858 causa
704 3795 824 3879 aliquid
852 3793 1020 3877 acceperit,
1046 3792 1077 3855 in
1101 3792 1238 3876 duplum
1262 3793 1295 3857 id
1322 3797 1461 3862 ecclesia

509 3894 664 3956 restituat.
713 3898 823 3957 Idem:
864 3894 924 3955 Sed
950 3917 1052 3975 neque
1075 3894 1249 3977 quemlibet
1274 3897 1462 3961 venerabilis

507 3992 623 4055 domus
641 3994 899 4076 gubernatorem,
915 4009 971 4058 aut
994 3995 1086 4058 aliam
1111 4017 1336 4083 quamcunque
1359 3999 1462 4063 solici-

508 4093 648 4158 tudinem
673 4094 913 4158 ecclesiasticam
940 4110 1098 4179 agentem,
1125 4097 1201 4159 (lare
1223 4098 1346 4183 aliquid
1372 4101 1418 4165 illi
1444 4123 1464 4163 a

507 4219 572 4281 quo
587 4196 807 4271 constituitur,
824 4213 880 4261 aut
904 4197 982 4260 nulli
1010 4219 1149 4281 personae
1174 4197 1278 4278 licent,
1302 4223 1360 4284 pro
1376 4225 1463 4266 cum-

509 4295 601 4359 inissa
629 4297 686 4360 sibi
711 4297 951 4380 gubernatione.
985 4297 1047 4372 Qui
1078 4320 1152 4360 vero
1179 4299 1234 4362 dat
1262 4316 1318 4363 aut
1345 4301 1462 4388 accipit
