3867 5467
493 786 533 844 78
751 793 888 841 roauurs
903 795 1184 844 sassensnrausrs
1314 785 1400 864 [uu.
1417 803 1458 847 vr.

488 963 564 1014 sunt
579 951 675 1028 dicta,
689 960 904 1032 retorqueant.
949 950 997 1012 Ut
1011 949 1185 1029 mendacii,
1196 965 1252 1016 aut
1267 957 1456 1020 temeritatis

485 1072 546 1114 nos
567 1072 639 1114 reos
665 1050 794 1127 faciant,
816 1049 1015 1113 mentiuntur
1040 1071 1102 1113 nos
1126 1053 1231 1134 legem
1255 1054 1454 1138 imposuisse

486 1153 696 1237 principibus,
712 1164 745 1215 et
759 1152 842 1216 colla
857 1172 968 1215 eorum
978 1151 1059 1234 jugo
1074 1152 1271 1236 importabili
1289 1177 1453 1222 onerasse.

485 1255 613 1318 Veritas
628 1253 787 1339 siquidem
808 1253 941 1316 inimica
961 1262 1012 1315 est
1031 1252 1106 1331 illis,
1120 1263 1153 1317 et
1167 1254 1357 1320 inimicitias
1372 1257 1450 1321 diri·

486 1364 554 1418 tum
565 1366 740 1439 procurant
749 1354 944 1417 amatoribus
956 1353 1109 1431 veritatis,
1118 1374 1253 1437 quorum
1265 1365 1304 1418 ut
1316 1358 1450 1437 gratiam

485 1468 733 1544 consequantur,
756 1457 836 1520 nibil
857 1456 891 1518 in
916 1458 1014 1519 verbo
1036 1468 1092 1519 aut
1117 1476 1213 1540 opere
1236 1459 1443 1522 erubescunt

489 1559 539 1622 Ad
562 1562 689 1642 singula
710 1559 827 1623 clamat
841 1557 985 1634 Gnatho,
999 1579 1057 1620 seu
1078 1559 1177 1634 bona,
1191 1578 1249 1621 seu
1270 1560 1357 1623 mala
1378 1560 1449 1638 sint,

486 1660 632 1743 pulchre,
646 1661 739 1736 bene,
754 1670 850 1722 recte.

628 1781 754 1835 Pallesoit
765 1798 840 1852 snper
851 1780 903 1845 his,
916 1781 996 1833 etiam
1008 1780 1119 1834 stillabit
1131 1782 1221 1835 amicis

628 1868 672 1920 lix
682 1866 763 1920 oeulis
772 1884 864 1931 rorem,
877 1865 963 1930 saliet,
976 1866 1070 1918 tundet
1082 1867 1149 1937 pede
1161 1873 1267 1920 terram.

625 1953 667 2005 Ut
679 1954 722 2022 qui
734 1952 856 2006 conducti
868 1950 971 2023 plorant
982 1952 1009 2003 in
1021 1950 1123 2016 funere,
1136 1954 1236 2018 dieunt,

626 2037 663 2089 Et
673 2036 773 2089 fodant
783 2054 863 2108 prope
874 2035 948 2106 plura
960 2034 1109 2090 dolentibus
1120 2055 1156 2090 ex
1167 2040 1266 2104 animo,
1278 2040 1317 2092 sie

627 2122 734 2176 Derisor
745 2139 806 2175 vero
818 2121 876 2193 plus
888 2121 1024 2174 laudatore
1035 2127 1162 2176 movetur.

484 2237 530 2300 Et
552 2235 665 2299 nescio
691 2234 852 2319 quomodo
879 2255 991 2297 omnes
1013 2234 1103 2318 ipsos
1124 2235 1222 2299 etiam
1247 2240 1368 2321 probos
1388 2263 1443 2304 ex-

483 2346 639 2422 pugnant,
654 2350 687 2401 et
708 2336 764 2421 qui
783 2336 985 2399 adulatorum
1005 2336 1181 2420 nequitiam
1203 2336 1444 2420 detestantur,a

485 2439 604 2524 quibus
626 2440 687 2502 etsi
708 2459 774 2501 non
797 2439 841 2501 sit
858 2439 930 2499 laus
950 2437 1095 2520 quaesita,
1111 2438 1323 2504 nibilominus
1338 2443 1445 2507 oblata

485 2537 634 2605 delectat.
679 2539 766 2616 latis,
802 2538 878 2602 dum
916 2538 1041 2601 veritati
1077 2538 1202 2617 insisto,
1237 2561 1441 2627 nequaquam

483 2644 612 2727 placere
634 2663 778 2727 possum,
801 2640 859 2703 sed
886 2661 947 2703 nec
972 2642 1013 2703 ob
1037 2662 1148 2704 eorum
1170 2643 1304 2724 gratiam
1328 2644 1443 2728 dignor

484 2764 551 2807 non
565 2742 768 2827 acquiescere
783 2740 917 2804 veritati.
961 2741 1037 2803 Non
1062 2752 1112 2804 est
1132 2751 1239 2805 tamen
1255 2743 1344 2826 quod
1365 2746 1442 2809 mibi

482 2845 609 2927 possint
635 2864 809 2926 opponere,
830 2843 892 2904 nisi
916 2841 1002 2925 quod
1025 2842 1102 2905 mibi
1127 2855 1160 2906 et
1183 2844 1251 2906 illis
1271 2867 1341 2909 non
1363 2869 1441 2912 con·

484 2944 579 3018 venit,
605 2953 639 3005 et
662 2942 749 3025 quod
775 2940 932 3004 interdum
959 2943 1056 3007 alicui
1083 2945 1270 3022 amicornm,
1298 2946 1376 3010 dum
1407 2949 1440 3010 in

484 3044 632 3109 manibus
647 3063 757 3106 eorum
771 3043 899 3120 labitur,
915 3045 948 3106 in
965 3066 1042 3109 aure
1057 3068 1203 3128 suggero,

623 3165 668 3219 Ne
679 3171 706 3218 te
719 3166 849 3238 deciplant
860 3168 940 3220 animi
952 3168 1001 3221 sub
1014 3169 1091 3240 vulpe
1102 3169 1226 3223 latentes.

487 3292 531 3356 Hi
557 3287 688 3373 quidem
712 3288 918 3372 imperatores
942 3301 1018 3354 sunt
1040 3292 1206 3355 curialium
1237 3303 1439 3374 nugatorum,

483 3411 619 3479 quorum
642 3390 789 3452 sinuum
813 3389 994 3470 offenderis,
1009 3394 1157 3456 omnibns
1180 3394 1251 3457 aliis
1274 3416 1347 3459 reus
1369 3398 1439 3461 eris.

484 3490 760 3558 Gnathonicorum
776 3511 851 3573 ergo
874 3490 1010 3555 consilio
1031 3503 1248 3558 convenerunt
1268 3496 1440 3576 ambitiosi,

482 3593 595 3673 invidi,
621 3592 845 3678 superstitiosi,
875 3605 907 3656 et
935 3594 1067 3673 similes,
1090 3594 1235 3660 dicentes
1264 3598 1326 3661 sibi
1354 3598 1440 3662 bella

484 3700 599 3786 parari,
622 3708 656 3762 et
680 3719 731 3761 me
758 3696 791 3760 in
818 3717 873 3760 eos
897 3697 979 3759 velle
1007 3695 1054 3773 (ut
1077 3695 1143 3760 dici
1168 3699 1264 3780 solet)
1290 3699 1439 3764 caninam

484 3801 668 3867 facundiam
692 3820 854 3877 exercere,
869 3818 968 3882 quum
992 3808 1098 3861 umen
1120 3797 1153 3860 id
1176 3798 1305 3862 minime
1320 3820 1439 3884 propo·

485 3903 612 3975 suarim,
628 3901 690 3962 nisi
706 3911 761 3962 aut
780 3920 889 3961 eorum
904 3899 1028 3981 injuriis
1043 3908 1165 3981 urgeat,
1180 3910 1235 3963 aut
1248 3901 1438 3967 auctoritate

483 4000 654 4083 superioris
676 4000 785 4073 amici,
809 3999 850 4061 ad
872 3999 934 4060 hoc
959 3999 1080 4075 stilum,
1099 4002 1174 4065 licet
1194 3999 1356 4077 hebetem,
1377 4004 1435 4067 im·

482 4098 639 4187 pellentis.
685 4100 748 4162 Est
762 4099 892 4182 quidem
912 4100 1001 4182 qnod
1025 4104 1126 4185 magis
1149 4106 1279 4167 affectat
1300 4107 1438 4185 animus,

483 4216 519 4267 ut
534 4201 706 4266 curialibus
717 4200 835 4264 cedens
846 4202 950 4284 nugis,
962 4203 1025 4265 illis
1038 4204 1156 4288 quibus
1169 4205 1309 4288 placent,
1319 4205 1436 4269 faciam

481 4309 596 4370 locum.
644 4305 738 4384 Nam,
755 4314 790 4367 ut
810 4302 850 4367 (le
872 4304 943 4368 aliis
966 4317 1103 4383 taceam,
1117 4328 1180 4369 non
1202 4327 1332 4390 possum
1357 4309 1436 4372 serre

482 4407 623 4485 Quirites
639 4407 838 4486 Gnathones,
851 4407 909 4490 qui
932 4406 994 4470 sibi
1009 4407 1055 4471 nil
1070 4419 1176 4471 actum
1199 4407 1341 4486 credunt,
1359 4408 1435 4474 dum
