3867 5467
481 796 547 855 376
741 798 880 845 rossrus
895 793 1179 842 sanasnsarsssts
1280 774 1362 853 [un.
1377 791 1444 836 vni.

486 959 566 1023 toris
598 964 816 1037 ormspectum‚
847 952 981 1015 AEneam
1011 944 1253 1010 admittendum
1290 967 1359 1007 esse
1386 965 1445 1006 non

485 1056 632 1131 credidit,
652 1053 713 1116 nisi
735 1051 871 1114 docente
894 1049 1027 1134 Sibylla,
1048 1071 1123 1132 quae
1142 1046 1238 1132 quasi
1263 1052 1328 1107 σιοῦ
1350 1049 1445 1124 βουλὴ,

486 1156 653 1222 eonsilium
689 1152 796 1227 Jovis,
832 1151 882 1214 vel
918 1149 1072 1236 sapientia
1107 1148 1170 1211 Dei
1206 1149 1445 1234 interpretatur,

487 1280 613 1321 ramum
650 1256 739 1319 bunc
776 1252 986 1338 Proserpinae,
1022 1273 1098 1336 quae
1135 1263 1378 1334 proserpentem
1414 1264 1447 1313 et

488 1362 665 1445 erigentem
683 1381 717 1422 se
736 1381 756 1420 a
778 1357 866 1421 vitiis
886 1356 984 1418 citam
1007 1352 1123 1429 innuit,
1146 1365 1361 1417 consecraret.
1397 1351 1448 1417 Ait

491 1486 586 1548 ergo:

597 1579 696 1648 Accipe
707 1593 766 1645 qum
777 1573 926 1645 peragenda
936 1574 1022 1642 prius:
1040 1571 1107 1623 latet
1118 1572 1212 1623 arbore
1224 1588 1311 1643 opaea

597 1666 703 1716 Aureus
714 1669 742 1714 ct
752 1660 832 1724 foliis,
845 1666 872 1712 et
882 1658 954 1711 lento
965 1660 1062 1711 rimiae
1072 1676 1171 1722 ramus,

597 1749 694 1801 Jnnoni
705 1744 813 1800 inim
823 1746 908 1796 dietus
918 1761 1001 1807 sacer,
1011 1744 1079 1796 hane
1091 1746 1162 1811 tegit
1172 1746 1262 1797 omnis

600 1835 695 1898 Lucus,
707 1839 735 1885 et
744 1832 858 1885 obscuris
869 1828 993 1881 claudunt
1003 1829 1164 1882 convallibus
1176 1830 1281 1894 umbra.

601 1920 654 1972 Sed
665 1938 716 1972 non
728 1925 789 1970 arrte
800 1917 876 1969 datur
887 1915 989 1968 telluris
1000 1922 1091 1987 operta
1102 1916 1201 1980 mbae,

599 2006 753 2057 Auricomos
764 2021 843 2072 quarn
853 2003 911 2071 quis
924 2002 1038 2073 decerpit
1050 2002 1083 2054 ab
1096 2002 1190 2054 arbore
1200 2002 1295 2064 scetus,

603 2090 663 2140 Hoc
674 2090 724 2140 salii
735 2088 841 2157 pulchra
853 2106 929 2140 sunm
939 2087 1002 2140 ferri
1016 2088 1174 2160 Proserpina
1186 2107 1283 2142 manus

602 2176 735 2238 institnit;
751 2176 834 2244 primo
846 2174 946 2238 avulso,
957 2194 1008 2227 non
1021 2174 1111 2228 deficit
1121 2174 1192 2228 alter

602 2261 715 2325 Aureus,
727 2266 755 2313 ct
767 2260 845 2312 simili
856 2260 999 2314 frondescit
1009 2262 1082 2329 virga
1093 2260 1213 2316 metallo.

499 2363 595 2429 Plane
618 2362 698 2447 quid
720 2384 887 2449 poenarum
908 2366 1007 2426 lateat
1028 2362 1060 2425 in
1084 2363 1230 2443 terrenis,
1251 2365 1302 2429 vel
1323 2365 1400 2451 quid
1419 2367 1450 2429 in

498 2467 549 2529 his
561 2466 661 2550 possit
673 2464 797 2542 mereri,
808 2464 895 2527 solus
904 2464 1058 2548 agnoscit,
1069 2464 1124 2549 qni
1138 2464 1178 2527 de
1188 2466 1306 2531 arbore
1319 2468 1450 2534 scientia

499 2590 622 2632 ramum
638 2568 732 2631 bonna
746 2567 937 2653 operationis
947 2565 1066 2631 avellit.
1104 2569 1222 2653 quue
1237 2574 1365 2647 avulso,
1378 2571 1453 2635 alter

498 2693 560 2733 non
584 2669 702 2745 deficit,
724 2668 888 2754 quisquo
910 2668 1048 2753 amplius
1070 2684 1270 2751 exercentur,
1292 2694 1333 2736 eo
1356 2674 1453 2759 magis

498 2784 701 2836 succrescunt
723 2782 755 2833 et
777 2770 949 2856 proficiunt
970 2771 1108 2834 scientiae
1128 2785 1160 2836 et
1183 2771 1336 2839 virtutes.
1383 2780 1453 2841 Non

499 2886 603 2935 tamen
620 2885 752 2936 eatenus
768 2870 924 2950 Maronis,
938 2885 994 2936 ant
1008 2872 1151 2956 gentium
1168 2872 1284 2938 insisto
1301 2876 1453 2961 vestigiis,

499 2986 535 3036 ut
548 2972 673 3035 credam
689 2974 870 3057 quempiam
893 2971 933 3034 ad
955 2972 1117 3037 scientiam
1139 2985 1195 3038 aut
1211 2974 1368 3040 virtutem
1384 3000 1453 3063 pro·

500 3074 579 3157 priis
601 3073 726 3137 arbitrii
748 3072 797 3136 sui
819 3072 940 3136 viribus
960 3075 1134 3158 pervenire.
1181 3076 1302 3140 Fateor
1318 3079 1453 3162 gratiam

498 3178 531 3242 in
548 3176 659 3240 electis
672 3175 808 3261 operari,
824 3189 856 3239 et
873 3176 953 3238 velle
968 3190 1001 3241 et
1020 3179 1184 3262 perficere,
1198 3178 1302 3263 ipsam
1324 3203 1455 3243 veneror

499 3289 652 3360 tanquam
672 3276 766 3351 viam,
788 3277 853 3341 imo
875 3300 987 3343 revera
1006 3279 1102 3355 viam,
1123 3303 1196 3364 qnae
1216 3280 1284 3344 sola
1302 3281 1393 3345 ducit
1411 3281 1453 3344 ad

498 3377 609 3451 vitam,
625 3389 657 3438 et
673 3399 834 3462 quemque
850 3378 924 3441 boni
939 3380 1004 3444 voti
1015 3395 1194 3466 compotem
1210 3382 1297 3447 facit.
1332 3383 1453 3446 Lactea

498 3477 567 3543 haec
575 3488 635 3553 est,
647 3476 835 3542 innocentie
847 3482 1017 3548 manifesta
1027 3481 1175 3561 candore,
1183 3496 1218 3548 et
1230 3484 1451 3549 alimentorum

500 3578 669 3644 sedulitate
692 3578 824 3645 nutricis
846 3580 955 3666 explet
977 3582 1126 3660 officium,
1149 3598 1183 3651 et
1206 3586 1274 3650 sola
1295 3599 1451 3671 praeparat

500 3684 541 3748 ad
557 3682 746 3768 profectum.
793 3684 873 3745 Nam
891 3683 957 3748 sine
974 3707 1010 3747 ea
1027 3684 1151 3769 proficit
1167 3687 1287 3752 nullus.
1328 3691 1454 3754 Clamat

501 3787 569 3849 haec
592 3784 623 3849 in
652 3808 724 3848 voce
751 3784 838 3848 tubae
860 3786 1167 3871 praevaricatoribus,
1192 3802 1229 3853 ut
1256 3789 1389 3854 redeant
1413 3789 1455 3853 ad

500 3910 565 3962 cor,
578 3887 686 3971 eisque
699 3885 738 3948 ad
750 3885 894 3950 ardorem
910 3888 1060 3967 scientim,
1070 3903 1177 3953 amoto
1191 3889 1302 3975 gladio
1317 3890 1457 3956 versatili

500 4001 530 4050 et
542 3986 853 4064 flammeo,ducatum
861 3988 891 4051 in
902 3988 1038 4074 patriam
1050 3989 1208 4072 promittit
1220 4004 1251 4053 et
1263 3991 1456 4075 ingressum.

500 4089 578 4153 Plus
592 4084 713 4148 dicam:
739 4086 838 4170 ipsam
856 4089 998 4152 arborem
1015 4088 1165 4169 scicntiae,
1175 4104 1208 4154 et
1225 4091 1346 4175 lignum
1364 4093 1454 4171 vitae,

501 4191 532 4253 in
559 4212 625 4274 quo
652 4200 726 4252 sunt
755 4210 864 4254 omnes
888 4193 1051 4275 sapientiae
1081 4203 1113 4255 et
1143 4191 1284 4257 scientim
1313 4192 1456 4259 thesauri

501 4291 688 4370 absconditi,
701 4305 730 4355 et
750 4295 780 4356 in
797 4314 861 4377 quo
877 4292 1001 4357 habitat
1018 4292 1185 4379 plenitudo
1196 4293 1377 4361 divinitatis
1387 4319 1455 4360 cor·

500 4391 660 4479 puraliter,
680 4394 832 4470 extraxit,
854 4392 983 4458 inscissa
999 4406 1102 4459 tamen
1120 4394 1311 4476 substantia,
1326 4410 1358 4462 et
1383 4420 1459 4484 pro·
