3867 5467
595 760 637 816 42
851 769 988 813 sossius
1002 766 1280 813 neumanensis
1416 748 1559 828 [unvr.

597 924 725 986 Tuscos
738 943 758 985 a
771 922 838 985 suis
859 922 993 985 sedibus
1013 920 1216 1003 expulerunt,
1231 920 1264 981 in
1280 939 1320 981 es
1339 919 1560 984 condiderunt

598 1025 694 1086 urbes
716 1023 872 1104 egregias,
886 1020 1119 1098 Mediolanum,
1142 1020 1295 1097 Coruum,
1317 1021 1476 1097 Brixiam,
1492 1023 1557 1085 Ve-

598 1143 720 1200 ronam,
749 1124 954 1204 Bergamum,
983 1121 1171 1185 Tridentum
1203 1132 1300 1204 atque
1339 1121 1557 1185 Vincentiam.

599 1226 686 1288 Nam
708 1226 796 1309 quod
818 1226 928 1287 urbem
951 1224 1142 1287 senensium
1162 1224 1294 1286 senibus
1317 1224 1394 1299 suis,
1411 1236 1445 1287 et
1465 1226 1554 1287 vale-

598 1327 777 1405 tudinariis,
801 1326 1062 1408 armentariisque
1090 1325 1334 1399 construxerint,
1362 1346 1429 1387 non
1459 1325 1558 1388 modo

599 1428 682 1493 fides
696 1430 847 1506 historin,
862 1428 920 1492 sed
935 1427 1071 1492 celebris
1085 1426 1213 1489 traditio
1224 1437 1291 1501 est3
1313 1447 1355 1489 ex
1367 1448 1407 1489 eo
1423 1428 1557 1510 quidem

599 1530 743 1600 validior,
758 1529 845 1614 quod
868 1530 1029 1592 senenses
1051 1540 1084 1590 et
1101 1527 1306 1590 lineamentis
1327 1528 1557 1605 membrorum,

599 1641 764 1695 venustate
790 1630 898 1705 faciei,
923 1639 957 1690 et
981 1629 1098 1691 coloris
1123 1628 1234 1709 gratia,
1259 1628 1401 1690 moribus
1428 1649 1560 1712 quoque

599 1733 677 1814 ipsis
699 1731 741 1795 ad
763 1730 876 1793 Gallos
896 1742 929 1792 et
948 1729 1109 1805 Britones,
1126 1729 1278 1812 aquibus
1300 1728 1455 1810 originem
1479 1750 1557 1793 con·

600 1842 779 1905 traxerunt,
795 1829 942 1895 ridentur
964 1829 1128 1906 accedere,
1145 1830 1221 1893 licet
1242 1851 1297 1893 eos
1317 1840 1459 1892 vetustas
1475 1842 1557 1893 tem·

599 1933 699 2015 poris,
715 1933 801 1996 orbis
820 1932 928 2014 plaga,
948 1933 1029 1994 situs
1047 1932 1196 2013 regionis,
1217 1932 1382 1995 convictus
1402 1929 1557 1993 finitimo·

601 2053 682 2104 rum,
698 2034 815 2116 quibus
836 2033 991 2114 sanguine
1008 2044 1041 2095 et
1055 2033 1196 2095 moribus
1216 2031 1273 2094 diu
1294 2032 1448 2114 permixti
1469 2044 1557 2109 sunt,

601 2156 643 2198 ex
661 2156 775 2216 magun
789 2146 878 2217 parte
895 2133 1073 2196 mutaverit.
1120 2133 1276 2196 Nondum
1291 2146 1399 2195 tamen
1414 2133 1556 2196 colorem

602 2236 775 2307 Gallicum,
806 2234 977 2298 candorem
1008 2234 1143 2312 scilieet,
1168 2233 1238 2297 haec
1268 2233 1378 2296 omnia
1406 2232 1450 2295 ad
1480 2233 1557 2296 vici-

601 2357 714 2400 norum
730 2334 971 2400 similitudinem
986 2335 1214 2399 exterminasse
1235 2334 1407 2397 sufficiunt
1446 2334 1557 2397 Graeci

600 2457 739 2520 namque
765 2439 816 2501 lac
839 2432 924 2521 γάλα
948 2436 1071 2511 dicunt,
1093 2434 1180 2498 unde
1208 2447 1240 2498 et
1264 2430 1412 2518 γαλαξίας
1432 2435 1556 2498 lacteus

601 2540 790 2621 appellatur,
812 2548 845 2600 et
866 2538 953 2601 Galli
977 2536 1070 2620 quusi
1095 2537 1202 2599 colore
1228 2537 1337 2612 leetei,
1358 2547 1391 2598 et
1416 2535 1554 2605 Galatae,

601 2641 657 2725 qui
686 2639 880 2724 quandoque
910 2638 989 2702 dicti
1025 2649 1100 2701 sunt
1128 2638 1346 2719 Gallo-graeci,
1373 2637 1407 2699 in
1436 2636 1556 2699 finibus

602 2743 749 2820 Groeeiae,
775 2763 856 2827 quos
882 2741 1047 2804 Gallorum
1072 2738 1185 2801 militia
1209 2738 1388 2821 occupavit.
1433 2737 1558 2800 Mansit

601 2854 708 2908 autem
737 2844 897 2906 exercitus
926 2842 981 2904 ille
1011 2843 1140 2903 Brenno
1171 2839 1254 2902 duce
1284 2836 1504 2921 triumphator,
1526 2850 1559 2900 et

603 2964 729 3025 semper
742 2944 892 3017 invictus,
908 2940 1013 3003 donec
1034 2942 1196 3022 insurgere
1218 2962 1315 3004 ausus
1335 2950 1384 3003 est
1402 2941 1436 3002 in
1454 2941 1558 3014 Deos,

601 3044 708 3127 ipsum
732 3040 894 3124 Apollinis
917 3039 1073 3122 Delphici
1099 3041 1254 3105 invadens
1276 3043 1441 3125 ternplum.
1488 3041 1557 3105 Ubi

602 3164 702 3227 quum
713 3143 828 3205 ineolre
844 3141 905 3204 Dei
921 3161 1016 3225 opem
1031 3144 1221 3226 suppliciter
1234 3145 1452 3228 implorarent
1462 3144 1556 3228 juve-

602 3264 676 3306 nem
692 3263 789 3325 supra
803 3242 979 3306 humanum
1000 3243 1131 3306 modum
1151 3244 1287 3325 insignis
1308 3244 1558 3327 pulchritudinis

602 3346 636 3407 in
651 3344 774 3408 delubri
790 3344 931 3408 culmine
944 3358 1193 3429 conspexenrnt
1238 3344 1378 3409 Auditus
1393 3356 1443 3409 est
1457 3348 1557 3408 etiam

602 3443 719 3508 stridor
747 3466 839 3509 arcus
868 3456 900 3509 et
926 3446 1078 3529 strepitus
1107 3466 1275 3510 armorum.
1320 3448 1434 3510 Subito
1458 3447 1557 3510 etiam

603 3557 693 3611 terrae
715 3557 804 3610 motu
827 3567 902 3630 pars
931 3548 1050 3610 montis
1075 3549 1222 3630 abrupta,
1250 3549 1417 3623 Gallorum
1446 3546 1558 3610 stravit

601 3650 786 3714 exercitum.
844 3650 995 3714 Insecuta
1030 3647 1148 3711 deinde
1183 3658 1354 3731 tempestas
1391 3656 1450 3723 est,
1481 3667 1554 3729 qua

602 3752 756 3833 grandine
781 3763 814 3817 et
838 3752 953 3834 frigore
980 3750 1106 3814 saucios
1130 3749 1317 3831 absumpsit.
1377 3750 1456 3812 Dux
1481 3748 1554 3830 ipse

603 3852 760 3928 Brennus,
780 3873 879 3933 quum
899 3851 1042 3912 dolorem
1063 3849 1226 3911 vulnerum
1249 3848 1327 3910 ferre
1347 3868 1415 3910 non
1434 3855 1555 3929 posset,
1615 3926 1623 3940 ·

601 3951 742 4030 pugione
766 3951 860 4011 vitam
884 3949 997 4009 finivit.
1044 3948 1113 4009 Nec
1140 3960 1265 4012 moveat
1287 3968 1481 4032 quemquam
1508 3946 1556 4023 (ut

604 4047 725 4110 dictum
754 4050 812 4125 est)
842 4048 874 4109 in
906 4048 1026 4129 templo
1056 4049 1157 4111 visum
1189 4072 1259 4113 esse
1289 4051 1487 4134 Apollinem,
1514 4046 1554 4111 ad

602 4149 695 4212 ducis
723 4148 834 4210 invicti
863 4147 1031 4212 audaciam
1066 4150 1289 4227 coercendam,
1318 4150 1555 4232 delendumque

602 4249 788 4327 exercitum,
812 4250 865 4333 qui
888 4251 1090 4334 permittente
1115 4253 1198 4330 Deo,
1221 4254 1426 4334 exigentibus
1449 4251 1555 4334 culpis

602 4350 776 4427 bominum,
792 4352 906 4415 inultas
922 4352 1082 4416 deleverat
1093 4353 1248 4426 nationes,
1266 4373 1364 4435 quum
1377 4363 1499 4416 certum
1515 4349 1556 4413 ait
