3867 5467
597 791 657 849 lot
855 799 991 845 rossum
1007 798 1289 846 sansssasnrmrsrs
1401 785 1488 864 [us.
1506 808 1552 853 ru

594 955 725 1017 fectum.
757 953 809 1017 Sic
822 949 957 1015 callidus
970 972 1096 1034 mango,
1107 949 1184 1013 dum
1202 953 1257 1036 qui
1273 949 1394 1016 durius
1410 956 1556 1038 provebit

595 1077 726 1141 equum,
748 1066 803 1117 aut
833 1052 956 1138 pullum
983 1052 1153 1138 probitatis
1175 1052 1346 1138 incognitae
1368 1056 1555 1139 gradarium

595 1157 754 1242 promittit
784 1155 815 1219 in
845 1155 1006 1233 futurum,
1032 1167 1064 1219 et
1093 1155 1206 1219 fractis
1234 1156 1402 1239 gressibus
1433 1158 1556 1223 mollius

595 1258 791 1322 incedentem
809 1256 1004 1343 propensiori
1016 1256 1110 1320 laude
1124 1255 1330 1322 instabulum
1342 1259 1467 1325 incauti
1480 1283 1556 1325 mer-

596 1363 712 1425 catoris
726 1358 881 1424 extrudit.

599 1724 678 1808 Cop.
698 1729 746 1787 19.
769 1726 821 1787 De
842 1725 892 1786 itis
914 1726 972 1805 qui
992 1723 1211 1805 impudentias
1232 1725 1384 1798 irruunt,
1401 1725 1475 1788 sine
1496 1725 1556 1788 dio

639 1827 847 1888 simulatione
867 1824 1057 1897 corditionis,
1073 1845 1151 1906 quos
1164 1844 1266 1906 neque
1287 1825 1387 1904 rotio,
1402 1845 1461 1889 acc
1482 1846 1555 1888 ouc-

640 1931 755 1990 toritos
768 1930 941 2008 reprimere
953 1933 1063 2008 potest.

642 2064 855 2127 Consrsronr
878 2084 895 2124 e
918 2066 1047 2146 regione
1068 2084 1165 2148 quam
1189 2059 1332 2148 plurimi,
1351 2065 1577 2151 nequaquam

598 2161 830 2227 dissimulantes
843 2164 1051 2248 propositum,
1063 2163 1118 2229 sed
1130 2163 1311 2228 ambitionis
1321 2164 1416 2249 quasi
1431 2166 1482 2244 (ut
1496 2165 1557 2229 dici

598 2265 693 2348 solet)
727 2264 864 2349 insignia
896 2279 1122 2350 praeconantes,
1151 2265 1379 2350 praedictorum
1412 2265 1557 2332 derident

598 2367 767 2451 ignaviam,
783 2367 870 2433 velut
893 2367 1041 2445 militum,
1056 2369 1111 2455 qni
1132 2366 1254 2434 militiae
1274 2391 1340 2433 suae
1356 2368 1474 2433 titulos
1496 2390 1557 2433 nou

598 2468 735 2534 audeant
752 2469 906 2553 profiteri.
950 2468 995 2532 Hi
1011 2469 1084 2533 licet
1099 2469 1217 2554 impuri
1238 2470 1313 2544 sint,
1328 2482 1362 2535 et
1384 2492 1446 2535 nec
1461 2471 1555 2536 vitam

598 2594 687 2636 suam
706 2569 802 2635 velint
818 2570 951 2656 erigere,
966 2591 1023 2634 nec
1044 2570 1144 2635 sciant
1164 2571 1321 2633 instruere
1336 2569 1486 2648 alienam,
1501 2573 1557 2636 im·

598 2673 735 2752 mundis,
757 2685 795 2736 ut
818 2671 948 2751 dicitur,
975 2671 1119 2758 pedibus,
1144 2671 1287 2735 certatim
1314 2671 1501 2757 irrumpunt
1525 2673 1555 2737 in

599 2788 914 2849 sanctasanctorum,
939 2795 1036 2859 panes
1063 2772 1240 2836 Dominicre
1264 2772 1505 2858 propositionis,
1525 2786 1556 2838 et

599 2899 709 2941 carnes
723 2873 798 2958 agni
820 2874 1016 2938 immaculati
1038 2896 1123 2937 assas
1138 2875 1213 2958 igue
1234 2873 1389 2959 passionis
1404 2877 1438 2939 in
1455 2897 1557 2948 cruce,

598 2997 662 3038 non
679 2975 774 3038 modo
788 2974 895 3053 illotis,
911 2974 965 3038 scd
982 2974 1114 3060 pollutis
1130 2975 1167 3055 (si
1183 2974 1288 3057 liceat)
1311 2974 1464 3040 manibus
1478 2988 1556 3040 trac·

600 3075 707 3139 taturi.
756 3074 802 3137 Hi
829 3088 905 3138 sunt
934 3076 991 3160 qui
1019 3075 1091 3141 licet
1123 3076 1225 3163 primo
1255 3076 1359 3154 aditu,
1385 3099 1425 3141 ac
1450 3078 1560 3164 janui!

599 3175 776 3240 habeantur
791 3176 926 3260 indigni,
943 3178 1095 3242 continuo
1117 3193 1222 3242 tamen
1239 3180 1376 3243 tendunt
1400 3179 1443 3244 ad
1460 3202 1557 3244 sacer·

598 3276 735 3355 dotium,
756 3275 907 3341 festinant
929 3277 968 3341 ad
992 3279 1142 3359 tribunal,
1162 3289 1194 3342 et
1214 3279 1351 3365 repulsis
1372 3282 1499 3359 ceteris,
1515 3282 1558 3345 sic

566 3415 574 3428 -
600 3373 695 3437 sacris
717 3375 869 3439 altaribus
891 3375 1056 3457 incubant,
1073 3392 1107 3441 ut
1126 3376 1193 3462 jam
1218 3399 1279 3441 non
1296 3378 1336 3442 ad
1360 3379 1511 3458 sormam,
1525 3392 1557 3445 et

599 3475 780 3562 exemplum
798 3477 1005 3562 prrebendum
1027 3478 1123 3564 plebi,
1138 3480 1217 3545 ordo
1231 3480 1286 3544 ille
1306 3480 1457 3546 videatur
1472 3482 1558 3549 insti·

599 3592 702 3659 tutus,
718 3580 774 3646 sed
795 3603 861 3644 esse
883 3580 1007 3643 occasio
1030 3581 1177 3665 quaedam
1200 3582 1232 3645 in
1253 3581 1453 3648 abundantia
1466 3598 1499 3650 et
1513 3607 1559 3648 se-

600 3683 736 3747 curitate
753 3681 891 3748 vivendi.
932 3682 999 3745 Nec
1020 3695 1156 3768 putatur
1169 3682 1307 3747 officium
1330 3682 1482 3751 districto
1497 3685 1558 3751 Dei

595 3784 719 3868 judicio
741 3784 925 3857 obnoxium,
949 3783 1003 3847 sed
1027 3806 1137 3847 secura
1159 3784 1318 3870 quiedam,
1340 3798 1373 3850 et
1395 3808 1556 3875 nusquam
1595 3826 1602 3839 ·

600 3884 799 3946 discutienda
810 3884 1055 3948 administratio.
1084 3884 1204 3949 Credas
1215 3883 1295 3949 illud
1308 3889 1472 3972 poeticum
1485 3910 1559 3953 voce

600 3983 754 4065 praeconis
768 3985 916 4047 omnibus
931 3987 1088 4051 sonuisse:

844 4100 961 4170 Occupet
974 4108 1118 4156 extremum
1130 4104 1239 4157 scabies.

601 4196 682 4259 Inde
712 4209 757 4260 ost
790 4199 874 4282 quod
902 4223 1021 4278 omncs,
1048 4203 1137 4288 quasi
1165 4204 1197 4267 in
1226 4202 1319 4268 stadii
1344 4228 1460 4289 agone,
1486 4231 1559 4272 con-

601 4298 748 4378 tendunt,
772 4300 995 4365 anhelantibus
1021 4304 1162 4387 singulis,
1190 4327 1228 4369 ne
1256 4307 1477 4391 episcopatum
1508 4332 1561 4373 ac·

602 4400 695 4488 cipiet
719 4400 808 4465 alter.
856 4404 945 4468 Votis
967 4427 1054 4489 orgo,
1071 4406 1129 4470 etsi
1153 4428 1214 4470 non
1238 4429 1281 4484 rc,
1301 4405 1408 4492 plures
1425 4430 1560 4474 numero
