3867 5467
499 666 540 724 88
756 682 892 727 Joanrus
908 682 1185 728 sanssunnrsnsrs
1295 666 1379 747 [un.
1395 684 1451 732 vu.

498 844 619 894 motum
642 834 737 910 lunae,
761 833 800 896 de
823 834 916 897 variis
938 835 1067 898 latentis
1088 848 1210 900 naturae
1233 838 1387 901 secretis:
1411 838 1449 901 de

496 935 609 998 officiis
630 949 662 998 et
686 935 793 1017 figuris
814 958 993 1016 causarum,
1009 959 1081 1023 quae
1101 939 1135 1001 in
1151 942 1382 1019 contractibus,
1398 953 1451 1004 aut

498 1037 591 1119 quasi
616 1039 843 1116 contractibus,
867 1040 1047 1116 maleficiis,
1072 1052 1127 1103 aut
1153 1042 1243 1124 quasi
1270 1042 1450 1120 maleficiis,

498 1149 554 1199 aut
576 1138 647 1200 aliis
674 1160 777 1201 rerum
800 1139 911 1203 formis
934 1141 1019 1203 varie
1044 1141 1197 1219 oriuntur,
1218 1140 1260 1205 de
1281 1154 1398 1206 natura
1420 1155 1450 1206 et

497 1240 648 1321 operibus
662 1240 748 1323 ejus:
772 1240 813 1302 de
829 1241 972 1318 veritate,
986 1253 1019 1304 et
1037 1240 1150 1324 primis
1168 1262 1274 1305 rerum
1291 1243 1404 1321 initiis,
1416 1245 1447 1307 in

495 1340 613 1424 quibus
632 1342 806 1405 humanum
822 1342 985 1421 ingenium
1002 1342 1122 1419 deficit,
1137 1365 1177 1406 an
1194 1344 1301 1425 angeli
1316 1345 1447 1409 omnino

494 1462 551 1505 sua
566 1464 633 1506 non
647 1443 798 1519 habeant,
814 1453 869 1505 aut
884 1444 993 1527 qualia
1013 1444 1154 1507 habeant
1167 1464 1312 1528 corpora,
1329 1455 1363 1508 et
1378 1466 1447 1529 qua

495 1544 547 1626 pie
573 1555 757 1628 quaeruntur
781 1544 820 1607 de
846 1546 916 1627 ipso
941 1547 1025 1620 Deo,
1048 1545 1104 1629 qni
1131 1545 1228 1609 totius
1252 1556 1377 1611 naturas
1402 1568 1447 1611 ra·

494 1646 622 1709 tionalis
637 1645 767 1709 excedit
781 1646 1072 1729 investigationem,
1087 1656 1120 1709 et
1135 1666 1230 1731 super
1245 1649 1366 1727 omnia,
1376 1670 1446 1733 quc

493 1757 600 1808 mente
619 1760 754 1828 possunt
774 1748 915 1832 concipi,
930 1749 1099 1811 exaltatur.
1144 1747 1282 1812 Possent
1303 1749 1338 1812 in
1362 1749 1446 1812 hunc

494 1847 624 1910 modurn
641 1850 777 1911 enarrari
793 1869 888 1931 quam
905 1850 1135 1934 plurimaque
1150 1849 1197 1912 sic
1214 1848 1444 1914 dubitationem

494 1948 648 2031 sapientis
671 1949 853 2025 admittunt,
868 1963 904 2014 ut
926 1963 1031 2015 tamen
1055 1951 1212 2014 dubitatio
1230 1951 1302 2034 ipsa
1316 1952 1446 2034 vulgum

493 2059 672 2130 praetereat.
714 2052 752 2113 In
769 2052 820 2113 his
835 2051 943 2135 itaque
958 2051 1051 2114 facile
1067 2051 1259 2115 crediderim
1274 2051 1443 2116 Academi·

493 2171 549 2213 cos
563 2161 654 2214 tanto
669 2151 846 2215 modestius
861 2152 1037 2226 dubitasse,
1051 2163 1170 2237 quanto
1185 2172 1242 2216 eos
1257 2154 1444 2218 temeritatis

490 2254 703 2338 precipitium
734 2254 921 2334 diligentius
951 2255 1142 2337 proecavisse
1171 2255 1307 2337 reperio.
1353 2255 1444 2320 Adeo

492 2355 632 2440 quidem,
643 2366 679 2419 ut
694 2378 790 2440 quum
807 2356 894 2437 apud
909 2358 1082 2440 scriptores
1098 2357 1130 2419 in
1145 2356 1226 2420 locis
1240 2377 1308 2419 non
1323 2358 1442 2440 passim

492 2457 611 2533 dubiis,
620 2459 716 2520 verba
727 2456 966 2539 quodammodo
979 2458 1138 2539 ambigua,
1150 2456 1256 2541 qualia
1272 2468 1349 2521 suut
1363 2455 1443 2534 hnc,

490 2556 516 2618 si
540 2558 629 2635 sorte,
643 2557 787 2631 sortasse,
803 2568 836 2619 et
857 2556 1000 2634 forsitan,
1014 2556 1229 2640 proferuntur,
1242 2556 1441 2622 Academico

489 2658 637 2723 dieantur
660 2660 709 2723 usi
737 2669 1000 2742 temperamento,
1024 2678 1062 2721 eo
1087 2657 1175 2740 quod
1202 2661 1440 2741 temperatiores

487 2760 558 2822 aliis
573 2759 759 2822 Academici
775 2760 902 2833 l'uerint,
917 2755 972 2841 qui
989 2779 1113 2820 omnem
1130 2758 1219 2821 veriti
1241 2769 1319 2822 sunt
1342 2771 1439 2824 teme·

487 2860 576 2922 rariae
593 2859 787 2921 definitionis
808 2858 914 2920 subire
928 2870 1048 2935 notam,
1064 2869 1097 2920 et
1118 2858 1331 2943 precipitium
1357 2861 1439 2924 salsi-

486 2972 567 3021 tatis.

486 3206 566 3290 Cap.
584 3150 631 3269 li.
662 3206 754 3268 {Inde
768 3206 850 3267 dicti
864 3208 929 3268 sint
947 3207 1149 3269 Academici:
1170 3215 1230 3270 aut
1245 3210 1317 3293 quis
1332 3211 1439 3286 timor,

528 3316 587 3370 ent
600 3309 709 3390 passio
723 3309 1035 3384 mentr's,secundnm
1049 3309 1090 3370 Α.
1105 3307 1247 3371 Gellium
1259 3317 1291 3371 et
1305 3307 1439 3386 Stoicos,

529 3412 564 3471 in
579 3411 758 3489 sapientem
774 3409 884 3472 cadat.

530 3573 719 3635 Acaneu1c1
740 3570 871 3655 quidem
892 3568 972 3633 dicti
992 3570 1126 3631 suntab
1148 3567 1336 3647 Academia,
1352 3570 1436 3634 unde

485 3674 576 3736 Plato
602 3672 709 3735 extitit
732 3670 896 3746 oriundus,
918 3669 975 3753 qui
998 3667 1146 3731 eumdem
1170 3690 1236 3731 sum
1260 3669 1437 3735 nativitatis

483 3774 602 3847 locum,
622 3783 655 3834 et
677 3770 826 3834 studendi
850 3792 921 3848 usu,
939 3782 971 3832 et
993 3768 1223 3851 discipulorum
1248 3770 1437 3853 frequentia,

483 3872 728 3953 meritorumque
738 3892 865 3932 suorum
876 3870 1062 3933 celebritate
1074 3870 1149 3932 lecit
1159 3870 1327 3950 insignem.
1341 3873 1436 3937 illum

484 3992 557 4033 vero
571 3972 677 4032 locum
693 3971 815 4033 caeteris
831 3970 978 4052 proetulit,
996 3993 1035 4034 eo
1052 3971 1139 4054 quod
1154 3970 1195 4034 sd
1211 3972 1436 4037 incutiendum

483 4073 637 4148 timorem,
661 4092 725 4153 quo
753 4071 828 4132 vitia
853 4070 1106 4154 reprimerentur,
1130 4085 1162 4135 et
1189 4073 1297 4153 agnita
1324 4076 1435 4140 condi-

481 4174 568 4236 tione
599 4173 659 4249 sui,
689 4171 846 4235 modestia
883 4172 1009 4236 fidelius
1047 4189 1264 4251 reservaretur,
1294 4178 1435 4241 maxime

482 4276 567 4339 risus
582 4290 630 4339 cst
645 4295 685 4338 ex
702 4275 860 4357 frequenti
877 4288 1065 4351 terraemotu,
1078 4297 1142 4358 quo
1158 4298 1243 4359 saepe
1261 4278 1435 4358 colliditur,
