3867 5467
498 779 561 839 214
758 790 895 836 ioannis
911 788 1193 835 saaasarramasrs
1288 774 1373 854 [ma.
1391 795 1462 841 vin.

492 944 617 1009 sobrius
632 954 795 1027 correptor
809 940 947 1019 exultat,
971 940 1102 1006 Gnatho
1122 941 1177 1005 vix
1199 942 1459 1023 submurmurat,

495 1046 573 1109 dum
590 1059 694 1109 tamen
711 1065 783 1127 spes
805 1056 865 1121 est,
881 1056 938 1108 aut
961 1040 1032 1108 silet
1054 1043 1184 1107 omnino
1199 1044 1224 1107 si
1247 1044 1414 1133 desperat,
1429 1061 1459 1112 et

494 1146 536 1210 ad
551 1146 629 1210 alios
652 1144 778 1221 transit,
793 1145 872 1230 quia
891 1143 921 1208 ei
939 1144 1106 1209 consilium
1127 1158 1189 1223 est,
1204 1168 1336 1234 semper
1360 1149 1458 1215 ielici·

493 1247 604 1310 oribus
618 1246 789 1310 adhaerere.

496 1523 625 1606 Capi.
653 1524 747 1597 Quod
774 1524 904 1585 nullum
938 1522 1050 1585 ulium
1085 1522 1183 1602 pejus
1210 1526 1374 1604 auaritia,
1403 1545 1463 1588 aee

539 1628 643 1686 amori
659 1646 750 1706 porse
767 1627 823 1706 qui
841 1630 1008 1705 aspectas
1022 1632 1067 1686 cal
1087 1626 1256 1688 avaritie:
1288 1636 1321 1689 et
1339 1628 1383 1691 de
1397 1629 1456 1691 du·

533 1728 613 1807 plici
623 1729 723 1809 fonte
744 1727 961 1790 liberalitatis:
995 1729 1184 1790 staurari
1206 1731 1331 1809 potior:
1365 1740 1398 1793 ot
1419 1733 1458 1794 de

537 1827 688 1890 Considio
701 1836 733 1891 et
750 1830 863 1894 Gillio.

536 1970 610 2033 Nnc
642 1986 759 2049 tamen,
786 1970 844 2035 etsi
875 1969 1084 2056 prodigalitas
1113 1969 1263 2035 videatur
1286 1972 1319 2035 in
1347 1973 1454 2060 culpa,

492 2068 595 2134 locum
612 2071 748 2136 arbitror
764 2073 907 2137 avaritiae
922 2071 1176 2159 relinquendum.
1213 2071 1352 2139 Nullum
1369 2078 1451 2141 enim

492 2173 605 2238 vitium
630 2173 773 2241 deterius
792 2189 851 2257 est,
873 2174 997 2241 nullum
1020 2177 1250 2255 detestabilius,
1272 2180 1452 2263 pracsertim

492 2274 522 2338 in
538 2276 600 2354 bis,
614 2278 671 2365 qui
687 2278 912 2366 principatum,
930 2293 986 2343 aut
1008 2279 1230 2363 magistratum
1251 2279 1396 2368 aliquem
1418 2283 1449 2347 in

488 2380 651 2465 republica
679 2394 805 2467 gerunt.
860 2384 932 2445 Non
964 2382 1047 2444 enim
1079 2404 1128 2444 res
1157 2381 1235 2468 ipsa,
1267 2384 1324 2449 sed
1354 2385 1451 2451 etiam

489 2481 597 2566 opinio
612 2485 680 2569 ejus
694 2483 825 2547 vitanda
840 2496 903 2556 est;
928 2498 959 2546 et
976 2483 1104 2547 omnino
1125 2484 1321 2569 impossibile
1334 2501 1397 2566 est,
1413 2500 1448 2552 ut

488 2580 590 2647 fidelis
621 2583 904 2662 videaturalicui,
934 2597 991 2648 aut
1022 2608 1127 2649 amore
1156 2584 1288 2671 dignus,
1319 2592 1377 2675 qui
1408 2612 1446 2653 ex

488 2692 602 2752 rnerito
628 2688 713 2774 apud
737 2711 850 2772 graves
876 2700 907 2750 et
929 2687 1174 2773 circumspectos
1197 2688 1283 2752 viros
1305 2691 1447 2756 avaritie

487 2792 698 2876 suspicionem
722 2790 865 2855 incurrit.
912 2790 1019 2867 Quum
1038 2811 1114 2853 vero
1136 2788 1206 2854 laus
1221 2806 1253 2854 et
1276 2790 1370 2857 favor
1387 2793 1446 2858 hu-

487 2915 610 2967 manuS,
633 2893 724 2978 quasi
744 2916 763 2955 a
784 2891 906 2978 duplici
928 2892 1017 2955 fonte
1037 2891 1235 2978 proveniant,
1256 2916 1365 2979 operae
1388 2898 1445 2961 sci·

487 2993 559 3059 licet
575 3008 607 3058 et
623 2995 777 3080 pecuniae,
794 2991 917 3059 facilior
932 3007 981 3057 est
998 2993 1078 3071 haec,
1089 2995 1265 3079 praesertim
1280 2994 1443 3084 locupleti.

488 3094 550 3160 Sed
566 3096 621 3159 illa
636 3096 753 3159 lautior
767 3109 799 3160 et
816 3095 1011 3182 splendidior
1026 3108 1057 3160 et
1079 3094 1205 3180 dignior
1226 3096 1294 3160 ciro
1311 3098 1390 3164 forti
1411 3114 1443 3165 et

486 3192 580 3257 claro.
627 3197 707 3258 Nam
726 3196 781 3280 qui
800 3198 929 3261 virtutis
944 3218 1041 3281 opera
1061 3208 1093 3259 et
1113 3195 1275 3263 industria
1295 3198 1442 3267 liberales

484 3307 588 3373 erunt,
610 3319 677 3380 qno
699 3294 848 3379 pluribus
870 3298 1061 3380 proluerint,
1083 3321 1121 3361 eo
1147 3298 1255 3384 plures
1279 3300 1322 3365 ad
1349 3302 1443 3368 bene-

486 3397 666 3464 faciendum
683 3396 846 3461 habebunt
862 3396 1033 3484 adjutores.
1080 3401 1203 3465 Deinde
1224 3401 1443 3472 benefaciendi

484 3501 713 3568 consuetudine
739 3501 914 3587 paratiores
943 3518 1050 3580 erunt,
1077 3517 1109 3569 et
1138 3518 1291 3591 tanquam
1322 3510 1442 3575 exerci-

484 3606 614 3673 tatiores
629 3606 669 3670 ad
685 3605 765 3671 bene
780 3604 821 3668 de
842 3604 953 3670 multis
974 3607 1229 3692 promerendum.
1277 3610 1312 3674 Si
1335 3626 1441 3678 tamen

484 3734 557 3777 arca
583 3719 777 3798 suppeteret,
802 3708 881 3773 nihil
907 3707 1076 3794 gloriosius
1101 3724 1149 3775 est
1172 3733 1210 3773 ea
1235 3710 1440 3792 liberalitate,

482 3837 557 3900 quae
572 3813 716 3877 consistit
731 3812 762 3875 in
775 3810 881 3875 donis:
906 3811 1043 3875 maxime
1059 3835 1160 3897 quum
1176 3830 1208 3878 et
1225 3816 1385 3895 Socrates,
1402 3836 1439 3884 ut

482 3915 613 3987 dicitur,
634 3915 849 3995 interrogatus
868 3935 1015 3997 quanam
1038 3926 1119 3977 esset
1140 3914 1320 3981 substantia
1339 3920 1439 3985 beati·

484 4011 616 4085 tudinis,
637 4008 742 4094 dignis
765 4009 882 4072 donare
905 4012 1082 4097 respondit.
1128 4015 1202 4100 Ego
1223 4016 1357 4102 quidem
1380 4021 1438 4085 So-

481 4112 630 4179 craticam
663 4109 878 4175 definitionem
907 4112 951 4178 sic
983 4115 1253 4200 interpretandam
1285 4121 1437 4199 arbitror,

480 4231 517 4283 ut
533 4216 671 4301 dignitas
685 4216 717 4279 in
741 4215 962 4299 accipientium
986 4219 1172 4284 necessitate
1193 4221 1344 4287 credatur
1358 4248 1437 4305 esse,

482 4319 531 4383 vel
563 4318 692 4382 meritis.
741 4316 810 4380 lllis
839 4317 921 4380 enim
948 4318 1004 4402 qui
1033 4338 1288 4405 promeruerunt,
1316 4323 1436 4390 donare

480 4425 604 4511 justum
621 4433 683 4494 est;
708 4419 798 4485 ateis
822 4418 877 4505 qui
901 4419 1055 4506 indigent,
1071 4422 1240 4489 subvenire
1259 4426 1365 4511 pium:
1391 4431 1437 4493 ita
