3867 5467
578 750 640 807 326
832 757 970 803 Joss'urs
985 756 1267 802 saussnanrussrs
1363 737 1452 817 [cru.
1471 757 1538 801 vru.

580 913 697 998 agitur,
713 910 766 974 sed
787 910 826 973 de
847 909 898 973 his
917 910 973 994 qui
991 906 1219 993 rempublicam
1242 922 1409 991 premunt.
1459 911 1538 972 Nam

582 1015 695 1101 privati
721 1012 844 1095 legibus
865 1010 1013 1092 publicis,
1035 1033 1108 1095 quae
1130 1008 1357 1093 constringunt
1375 1010 1536 1073 bominum

580 1117 673 1191 vitas,
696 1114 788 1178 facile
809 1129 1005 1177 coercentur.
1053 1114 1090 1175 In
1114 1111 1311 1176 sacerdotem
1338 1126 1459 1186 tamen,
1481 1111 1536 1175 etsi

580 1233 750 1303 tyrannum
780 1216 905 1292 induat,
937 1230 1068 1302 propter
1098 1214 1305 1278 reverentiam
1340 1213 1537 1291 sacramenti,

580 1320 723 1405 gladium
737 1317 927 1383 materialem
941 1341 1086 1381 exercere
1102 1339 1163 1379 nou
1177 1316 1260 1391 licet,
1272 1317 1335 1381 nisi
1346 1318 1430 1381 forte
1442 1338 1535 1402 quum

581 1421 923 1497 exauctoratusfuerit,
935 1421 966 1484 in
980 1420 1139 1484 ecclesiam
1152 1418 1214 1483 Dei
1229 1433 1397 1483 cruentam
1412 1440 1536 1483 manum

581 1524 747 1600 extendat,
756 1547 794 1587 eo
809 1522 937 1608 quidem
951 1536 1106 1607 perpetuo
1118 1520 1293 1597 obtinente,
1305 1535 1343 1585 ut
1354 1521 1397 1585 ob
1406 1521 1534 1585 eandem

580 1650 706 1693 causam
718 1649 778 1689 non
795 1639 963 1709 consurgat
976 1628 1007 1689 in
1021 1647 1092 1687 curn
1105 1622 1225 1706 duplex
1238 1622 1420 1689 tribulatio.
1456 1626 1537 1687 Prae·

583 1746 631 1796 ter
651 1752 715 1794 rem
739 1746 845 1794 tamen
868 1751 929 1791 non
951 1727 1091 1802 videtur,
1108 1727 1133 1789 si
1158 1727 1236 1801 lraec,
1253 1749 1330 1811 quae
1347 1726 1534 1802 dictasunt,

581 1833 742 1919 aliquibus
756 1846 938 1897 astruamus
952 1829 1114 1917 exemplis.

582 2076 659 2155 Cap.
686 2076 732 2132 ltl.
758 2070 809 2131 De
831 2076 929 2131 morte
949 2069 1038 2130 Julii
1059 2068 1206 2142 Censoris,
1226 2078 1258 2130 et
1276 2070 1418 2132 aliorum
1436 2071 1534 2151 genti-

896 2173 975 2232 lium
992 2177 1216 2251 tyrannorum.

625 2325 800 2384 (lucuruu'r
815 2339 892 2401 ergo
908 2314 1063 2401 imprimis
1074 2312 1188 2377 domus
1204 2316 1365 2392 Caesarea,
1381 2339 1445 2403 qua
1457 2316 1531 2379 nibil

586 2423 747 2511 potentius
769 2434 824 2482 aut
845 2417 1024 2503 gloriosius,
1046 2416 1111 2480 ulla
1132 2430 1226 2480 aetate
1250 2414 1364 2483 recolit
1389 2419 1531 2484 mundus.

583 2523 748 2611 Siquidem
769 2525 788 2587 J
792 2520 874 2585 ulius
895 2524 1002 2586 Caesar
1022 2521 1145 2604 primus
1164 2519 1286 2597 orbem,
1302 2522 1482 2605 prudentiae
1501 2536 1531 2585 et

584 2629 629 2693 rei
645 2626 790 2691 militaris
806 2623 936 2698 viribus,
949 2620 1127 2707 acquisivit.
1167 2625 1274 2686 Homo
1290 2646 1532 2711 perpaucorum,

583 2744 614 2795 et
631 2729 682 2794 cui
703 2727 828 2791 nullum
850 2747 997 2811 expresse
1017 2723 1148 2787 similem
1170 2723 1277 2789 adhuc
1297 2725 1400 2792 edidit
1423 2743 1533 2791 natura

583 2831 776 2898 mortalium.
811 2830 901 2892 Licet
913 2827 995 2891 eninr
1008 2827 1119 2891 Cicero
1130 2850 1201 2892 eum
1212 2826 1329 2893 alieubi
1342 2829 1534 2907 criminetur,

583 2934 670 3022 quod
693 2933 772 2997 eitra
794 2954 917 2994 omnem
942 2930 1090 2994 utilitatis
1112 2943 1168 2994 aut
1191 2929 1367 2996 honestatis
1389 2933 1533 3020 speciem,

582 3036 800 3102 delectabatur
829 3032 962 3119 injuriis,
992 3032 1071 3096 adeo
1100 3045 1135 3097 ut
1165 3053 1237 3097 eum
1267 3036 1374 3119 ipsum
1405 3057 1532 3121 peccare

577 3142 721 3226 juvaret:
750 3135 832 3199 idem
856 3150 960 3199 tamen
983 3135 1079 3199 tantis
1100 3134 1250 3199 laudibus
1270 3136 1410 3200 eundem
1432 3137 1530 3213 effert,

582 3252 618 3302 ut
635 3237 766 3300 deorum
783 3250 906 3299 censeat
923 3259 1039 3301 munus
1053 3250 1093 3300 ex'
1113 3235 1288 3302 virtutibus
1309 3251 1531 3325 temperatum,

581 3343 726 3405 Romano
741 3336 902 3400 indultum
926 3337 1071 3423 imperio,
1087 3353 1199 3425 utpote
1221 3339 1277 3423 qui
1299 3363 1357 3403 nec
1377 3341 1533 3427 prosperis

580 3439 701 3518 extolli,
724 3461 781 3502 nec
801 3437 943 3503 adversis
965 3441 1070 3527 frangi
1094 3445 1227 3518 noverit,
1252 3444 1442 3529 magnificus
1468 3444 1532 3508 sine

579 3544 777 3623 crudelitate,
803 3543 868 3606 sine
895 3547 1074 3609 temeritate
1103 3546 1334 3632 magnanimus.
1380 3548 1531 3627 Quamvis

580 3648 704 3716 enimsi
725 3649 806 3713 alius
825 3663 917 3728 esset,
932 3663 1038 3735 posset
1059 3652 1244 3714 temerarius
1266 3650 1387 3724 rideri;
1426 3653 1532 3715 cesar

579 3770 682 3820 tauren
698 3752 802 3818 audax
816 3750 917 3817 videri
929 3774 990 3816 oon
1003 3751 1109 3828 debet,
1121 3753 1215 3836 cujus
1226 3754 1376 3818 voluntas
1389 3754 1529 3818 Deorum

577 3855 736 3941 aspirante
748 3856 866 3930 favore,
877 3876 1001 3939 semper
1012 3854 1095 3918 infra
1107 3868 1297 3941 potestatem
1313 3857 1389 3921 fuit.
1429 3861 1531 3921 Nemo

577 3956 680 4018 ferum
696 3970 848 4037 expertus
863 3970 910 4019 est
927 3959 1096 4031 Caesarem,
1112 3956 1172 4019 nisi
1188 3957 1340 4042 superbia
1355 3956 1529 4022 rebellaret.

579 4055 774 4118 Provocatns
800 4054 934 4138 injuriis,
962 4078 1082 4141 pronus
1107 4055 1170 4121 fuit
1196 4058 1236 4120 ad
1263 4059 1399 4122 veniam.
1442 4058 1531 4134 Quos

579 4158 653 4223 vicit
668 4155 800 4235 viribus,
813 4154 983 4241 prudentia
994 4158 1170 4225 antecessit.
1200 4161 1361 4225 Excessus
1377 4183 1450 4224 vero
1461 4160 1531 4246 ejus

578 4260 769 4326 videbantur
792 4281 927 4347 sperare,
948 4273 980 4324 et
1001 4261 1040 4324 ad
1059 4263 1219 4347 justitiam
1241 4263 1392 4350 aspirare.
1438 4261 1531 4341 Quod

578 4386 617 4427 cx
633 4386 671 4427 eo
685 4365 798 4449 conjici
820 4376 935 4449 potest,
950 4364 1038 4449 quod
1061 4365 1185 4429 nullum
1203 4382 1330 4452 tempus
1350 4366 1410 4431 sibi
1432 4366 1532 4431 voluit
