3867 5467
591 782 631 841 8⁴
833 791 972 837 tonsura
986 788 1265 836 mumaasmssrs
1399 772 1487 851 [crs.
1505 788 1551 832 vr.

588 945 767 1009 substantia
789 945 862 1027 quis
884 943 1035 1007 vendicet
1056 963 1212 1026 spumam.
1258 941 1407 1005 Profecto
1430 941 1552 1023 dignus

588 1054 637 1108 est
661 1046 861 1127 privilegium
885 1043 1032 1127 perdere,
1055 1043 1111 1127 qui
1135 1061 1292 1104 concessa
1316 1042 1380 1104 sibi
1404 1042 1552 1104 abutitur

588 1157 756 1230 potestate.
801 1147 952 1209 Abutitur
979 1155 1086 1208 autem
1113 1143 1196 1226 quis,
1221 1144 1272 1205 rel
1300 1164 1367 1206 uon
1395 1140 1550 1207 saciando

591 1248 679 1334 quod
705 1258 841 1331 oportet,
863 1249 913 1310 vel
937 1245 1088 1309 faciendo
1111 1243 1197 1327 quod
1224 1244 1293 1308 fieri
1319 1266 1385 1307 non
1410 1255 1552 1328 oportet,

591 1360 625 1414 ct
643 1370 742 1433 quum
762 1361 933 1432 utrumque
953 1348 996 1411 sit
1017 1348 1148 1422 malum,
1172 1355 1208 1408 ut
1226 1345 1353 1424 dicitur,
1376 1358 1550 1430 peccatum

591 1450 714 1514 delicto
733 1451 858 1532 gravius
878 1471 949 1513 esse
970 1450 1062 1512 solet.
1106 1446 1277 1529 Delinqnit
1297 1447 1383 1510 enim
1402 1447 1461 1530 qui
1481 1467 1549 1510 non

590 1552 704 1634 implet
731 1552 891 1625 officium,
924 1549 983 1612 sed
1011 1548 1108 1631 plane
1136 1559 1262 1630 peccat,
1289 1548 1436 1631 quisquis
1461 1568 1550 1610 com—

591 1652 689 1713 mittit
718 1650 921 1713 contrarium.
974 1650 1059 1711 Albo
1088 1647 1249 1729 siquidem
1282 1648 1406 1729 nigrum
1444 1648 1550 1730 magis

591 1750 772 1834 opponitur,
801 1770 898 1832 quam
927 1769 994 1810 non
1025 1748 1143 1823 album,
1174 1757 1208 1809 et
1240 1748 1369 1809 tristitia
1404 1748 1551 1812 laetitiam

592 1852 694 1933 magis
718 1850 897 1933 impugnat,
922 1869 1018 1932 quam
1042 1868 1118 1931 spes
1141 1847 1323 1920 autumer,
1346 1868 1419 1930 quas
1442 1868 1550 1931 neque

591 1954 626 2017 in
649 1954 769 2018 laetitiae
794 1953 951 2016 rationem
977 1949 1109 2028 cadunt,
1132 1971 1193 2013 nec
1217 1951 1248 2013 ei
1271 1948 1411 2014 maxime
1438 1949 1552 2013 adrer-

592 2066 711 2120 santur.
756 2057 802 2119 Et
827 2056 957 2136 cingulo
984 2051 1113 2137 quidem
1140 2051 1291 2129 abutitur,
1317 2064 1381 2116 tam
1411 2051 1468 2116 ille
1495 2053 1551 2137 qui

592 2178 658 2220 non
687 2157 801 2240 implet
830 2154 916 2240 quod
951 2162 1078 2238 oportet
1106 2174 1149 2216 ex
1178 2152 1301 2216 militiae
1338 2165 1552 2229 sacramento,

594 2278 690 2341 quam
711 2257 766 2321 ille
786 2257 841 2340 qui
861 2256 1031 2339 impugnat
1050 2254 1173 2317 militias
1194 2263 1438 2318 sacramentum.
1483 2255 1551 2317 Da·

593 2358 710 2441 linquit
738 2366 844 2419 tamen
875 2357 1013 2438 gravius,
1042 2356 1098 2439 qui
1127 2356 1305 2438 impugnat,
1333 2355 1419 2419 sicut
1446 2355 1552 2418 hostis

593 2477 685 2519 serus
715 2457 830 2537 ignavo
856 2456 958 2518 milite
985 2454 1135 2519 odibilior
1160 2467 1219 2519 est
1264 2457 1363 2521 Unde
1388 2458 1444 2541 qui
1469 2477 1552 2520 rern-

593 2555 767 2640 publicam,
786 2565 820 2617 et
840 2556 992 2617 inermem
1015 2576 1144 2618 manum
1167 2556 1359 2621 militaribus
1377 2557 1474 2620 armis
1492 2558 1551 2621 im·

594 2668 730 2743 pugnat,
754 2657 933 2741 justissime
963 2647 1199 2736 exauctoratur,
1228 2668 1380 2740 unquam
1408 2658 1464 2721 illc
1496 2658 1555 2742 qui

595 2758 731 2841 figuram
745 2758 896 2822 hostilem
911 2757 1060 2822 induerit.
1102 2757 1168 2821 Sed
1182 2779 1247 2841 prae
1262 2758 1388 2822 caeteris
1402 2759 1553 2822 omuibus

595 2858 705 2922 divino
723 2870 755 2921 et
772 2862 913 2922 humano
929 2859 1003 2941 jure
1024 2859 1151 2938 gravius
1170 2860 1325 2923 sariuntur
1344 2859 1504 2942 sacrilegi,
1518 2870 1551 2923 et

593 2957 629 3019 hi
652 2959 708 3040 qui
731 2957 824 3019 variis
846 2957 1140 3038 perturbationibus
1163 2960 1354 3043 impugnant
1378 2961 1551 3024 ecclesiam

596 3056 672 3133 Dei,
693 3056 811 3140 quibus
836 3057 891 3119 lex
918 3077 984 3120 non
1008 3058 1229 3141 precisionem
1254 3060 1471 3139 dexterarum,
1494 3062 1553 3126 sed

595 3177 725 3241 poenam
752 3158 869 3238 irrogat
894 3158 1075 3241 capitalem.
1126 3160 1160 3223 Si
1184 3161 1397 3243 patrocinium
1423 3162 1554 3226 illorum

598 3267 760 3320 assumant
783 3255 910 3334 Cicero,
929 3267 962 3320 et
986 3258 1234 3337 Demosthenes,
1254 3261 1282 3323 si
1304 3260 1338 3322 in
1361 3259 1554 3325 defensione

597 3377 705 3420 eorum
735 3357 876 3438 linguam
906 3368 1014 3435 acuat,
1043 3368 1075 3421 et
1108 3359 1206 3422 totius
1238 3360 1361 3440 ingenii
1391 3359 1442 3424 sui
1471 3361 1555 3425 viras

596 3458 765 3523 exhauriat
787 3457 1014 3538 Quintilianus,
1037 3460 1064 3522 si
1081 3460 1156 3543 jura
1178 3461 1346 3541 viguerint,
1369 3461 1457 3547 quod
1478 3474 1556 3547 post

596 3560 704 3633 Deum
718 3559 752 3622 in
767 3580 865 3623 manu
876 3559 1033 3643 principis
1044 3574 1104 3637 est,
1115 3558 1259 3625 fortunas
1272 3584 1380 3626 comm
1392 3574 1426 3628 et
1436 3564 1557 3648 capita,

597 3661 675 3748 quin
690 3662 839 3745 legitimis
853 3662 1019 3747 suppliciis
1039 3662 1202 3737 feriantur,
1218 3663 1299 3727 tueri
1314 3685 1378 3727 non
1394 3674 1553 3749 poterunt

598 3764 693 3837 Quod
723 3765 749 3827 si
778 3763 917 3846 gladium
949 3785 1041 3826 suum
1068 3763 1220 3828 adversus
1250 3766 1332 3828 tales
1357 3786 1424 3828 non
1450 3768 1555 3833 exerit

596 3866 758 3946 princeps,
778 3864 812 3925 iu
835 3865 979 3945 seipsum
1002 3864 1215 3944 proculdubio
1237 3877 1391 3948 provocat
1412 3865 1555 3948 gladium

596 3962 648 4024 bis
674 3972 815 4035 acutum,
843 3983 936 4043 quem
962 3961 996 4022 iu
1024 3983 1076 4024 ore
1103 3986 1161 4027 suo
1186 3965 1267 4047 gerit
1292 3966 1379 4030 filius
1404 3967 1558 4047 hominis,

598 4060 741 4141 gladium
762 4059 882 4143 utique,
901 4061 956 4144 qui
979 4061 1068 4124 vivus
1087 4074 1120 4126 et
1141 4066 1257 4130 efficax
1277 4078 1340 4144 est,
1358 4067 1414 4150 qui
1438 4090 1558 4153 corpus

599 4159 693 4222 findit
715 4170 747 4223 et
769 4160 918 4238 animam,
941 4171 974 4223 et
995 4162 1093 4226 mittit
1113 4164 1145 4227 in
1169 4166 1369 4247 gehennam3
1392 4168 1433 4231 ad
1461 4190 1558 4252 quem

597 4262 732 4325 obtusus
747 4272 796 4325 est
813 4261 915 4324 omnis
932 4261 1068 4343 gladius,
1084 4278 1116 4328 et
1130 4267 1234 4330 omnis
1251 4276 1411 4331 armatura
1425 4270 1558 4350 fragilis,

594 4372 626 4425 ct
651 4361 760 4439 liuida,
785 4373 818 4426 et
841 4362 977 4441 infirma,
1001 4378 1115 4447 praeter
1141 4368 1239 4443 illam,
1263 4390 1359 4450 quam
1383 4372 1453 4434 sola
1474 4391 1553 4435 con·
