3867 5467
485 733 528 790 ao
741 744 878 789 romu
891 742 1159 789 wesenerus
1294 727 1383 808 [ern.
1398 748 1446 795 rr.

485 896 582 971 Quod
596 897 738 960 maxime
759 897 911 959 nobiliter
929 895 1051 959 accidit
1064 894 1103 958 C.
1120 897 1276 962 Nummio
1297 900 1446 980 tribuno,

485 1001 538 1063 cni
560 998 681 1061 dixisse
701 998 836 1061 traditur
854 998 987 1081 Scipio:
1024 997 1109 1060 Mihi
1128 999 1306 1081 paulisper,
1319 1001 1393 1079 tibi,
1409 1015 1445 1067 et

484 1100 672 1183 reipublicae
692 1122 818 1182 semper
836 1121 976 1182 nequam
997 1099 1069 1160 eris
1113 1099 1154 1170 Q.
1171 1100 1326 1163 Metellus
1349 1102 1442 1167 bello

481 1202 675 1282 Jugurthino
703 1202 849 1263 similiter
883 1201 1008 1283 lapsam
1044 1199 1181 1261 militum
1217 1199 1443 1284 disciplinam,

484 1303 553 1384 pari
568 1302 734 1363 severitate
748 1300 898 1376 restitnit,
912 1321 1012 1382 qnnm
1026 1300 1157 1382 insuper
1171 1300 1361 1382 prohiberet
1373 1303 1444 1368 alia

484 1425 581 1468 carne
592 1404 908 1487 quamassaelixare
918 1402 1037 1464 milites
1048 1400 1106 1462 uti.
1143 1400 1325 1484 Philippus,
1336 1425 1441 1487 quum

483 1506 621 1590 primum
650 1506 827 1567 exercitum
856 1503 1078 1578 constitueret,
1099 1503 1318 1566 vehiculorum
1343 1525 1440 1569 nsum

485 1605 634 1669 omnibus
666 1602 844 1677 interdixit,
870 1602 1034 1686 equitibus
1065 1624 1131 1663 non
1168 1603 1308 1685 amplius
1339 1625 1441 1687 quam

483 1707 627 1786 singulos
655 1706 785 1767 lacones
813 1704 932 1766 habere
961 1704 1116 1786 permisit,
1136 1704 1303 1785 peditibus
1329 1718 1441 1772 antem

484 1805 586 1881 denis,
600 1804 744 1884 singulos
759 1804 814 1887 qui
830 1803 930 1865 molas
944 1817 978 1864 et
990 1803 1084 1867 funes
1098 1805 1225 1867 ferrent
1268 1802 1310 1867 In
1325 1808 1443 1875 estiva

484 1905 692 1981 exeuntibus,
705 1904 836 1985 triginta
850 1902 974 1965 dierum
989 1903 1123 1967 farinam
1138 1906 1225 1968 collo
1239 1907 1360 1989 portari
1376 1907 1440 1972 im·

483 2007 617 2091 pererit.
662 2004 702 2069 C.
717 2004 841 2068 Marius
862 2002 1109 2066 recidendorum
1131 2005 1438 2088 impedimentorum

485 2109 594 2191 gratia,
605 2107 720 2191 quibus
735 2106 872 2168 maxime
885 2106 1045 2167 exercitus
1057 2126 1173 2184 agmen
1190 2120 1348 2187 oneratur,
1360 2131 1441 2176 rasa

483 2223 517 2275 et
530 2209 652 2272 cibaria
662 2207 772 2270 militis
783 2207 816 2270 in
828 2206 998 2269 fasciculos
1009 2216 1128 2287 aptata,
1140 2207 1238 2270 furcis
1250 2212 1439 2293 praeposuit,

482 2313 543 2376 snb
567 2311 682 2394 quibus
704 2321 737 2373 et
765 2309 871 2372 habile
894 2328 989 2380 onus,
1012 2320 1045 2370 et
1065 2307 1169 2371 facilis
1190 2311 1318 2393 requies
1340 2324 1437 2377 esset

486 2412 582 2479 Unde
605 2412 806 2496 proverbium
828 2422 936 2473 natum
960 2422 1018 2487 est,
1040 2410 1123 2473 Muli
1146 2411 1263 2475 milites
1284 2412 1436 2477 Mariani.

484 2514 651 2601 Lysander
680 2513 946 2578 Lacedaemonius
983 2532 1145 2593 egressum
1184 2513 1235 2575 ria
1271 2514 1437 2597 quendam

485 2619 672 2700 castigabat.
717 2616 779 2682 Cui
795 2615 916 2679 dicenti
932 2612 973 2677 ad
988 2614 1108 2676 nullius
1122 2613 1167 2676 rei
1183 2614 1327 2697 rapinam
1343 2636 1378 2679 se
1393 2618 1436 2681 ab

483 2722 610 2806 agmine
638 2720 820 2797 recessisse,
841 2715 1024 2800 respondit:
1059 2716 1111 2778 Ne
1133 2715 1273 2798 speciem
1300 2715 1436 2799 quidem
1542 2768 1546 2776 .

483 2822 602 2907 rapturi
624 2823 778 2906 praebeas,
798 2818 882 2881 volo.
925 2816 1062 2880 Publius
1084 2815 1205 2879 Nasica
1226 2817 1260 2879 in
1279 2816 1436 2899 hybernis

482 2923 628 3009 quamvis
642 2921 752 2983 classis
767 2940 844 2981 usus
858 2939 923 2979 non
940 2930 1024 2980 esset
1037 2918 1246 2996 necessarius,
1260 2940 1303 2982 ne
1325 2930 1433 2985 tamen

482 3023 575 3087 miles
597 3018 720 3081 desidia
741 3032 1003 3101 corrumperetur,
1026 3029 1083 3080 aut
1104 3040 1160 3101 per
1185 3020 1351 3084 licentiam
1377 3022 1437 3085 otii

484 3123 581 3189 sociis
609 3119 736 3183 interret
772 3117 932 3203 injuriam,
961 3139 1058 3182 nares
1087 3118 1247 3184 adificare
1283 3121 1434 3186 institnit

483 3223 575 3289 Idem
605 3240 732 3303 quoqne
755 3219 924 3283 Frontinus
946 3220 1028 3283 iuter
1049 3221 1149 3285 multa
1171 3223 1358 3286 constantiae
1385 3224 1437 3287 in·

384 3385 393 3398 ,
484 3324 586 3407 signia
614 3321 718 3394 refert,
749 3319 835 3405 quod
865 3320 1015 3386 Cassiliui
1052 3322 1218 3387 obsidente
1250 3325 1437 3390 Hannibale

484 3436 605 3491 tantam
635 3421 777 3504 inopiam
805 3422 951 3505 perpessi
981 3433 1065 3500 sunt,
1093 3434 1130 3487 ut
1157 3446 1278 3490 murem
1311 3426 1437 3491 venisse

487 3537 616 3594 centum
632 3523 772 3589 denariis
786 3524 947 3588 memoriae
962 3525 1121 3608 proditum
1137 3526 1188 3601 sit,
1204 3526 1340 3611 ejusque
1356 3548 1436 3592 ven·

486 3631 618 3698 ditarem
633 3628 714 3692 same
734 3626 878 3711 periisse,
892 3640 1067 3712 emptorem
1088 3639 1193 3694 autem
1210 3630 1340 3705 vixisse,
1355 3631 1436 3699 etin

484 3748 573 3801 tanta
597 3732 745 3816 angustia
762 3730 858 3797 fidem
885 3752 1027 3796 servasse
1051 3731 1216 3796 Romanis.
1260 3731 1389 3797 Petilini
1412 3756 1434 3799 a

486 3838 596 3903 Poeuis
619 3834 751 3910 obsessi,
772 3846 923 3917 parentes
944 3845 977 3898 et
998 3834 1117 3896 liberos
1139 3843 1267 3918 propter
1290 3833 1434 3919 inopiam

486 3938 655 4023 ejecerunt,
685 3935 747 4017 ipsi
776 3935 869 3997 coriis
898 3934 1096 4012 madefactis,
1125 3947 1158 3998 et
1193 3936 1265 4018 igue
1294 3936 1436 4016 siccatis,

486 4038 634 4120 foliisque
653 4034 811 4111 arborum,
832 4044 863 4099 et
883 4034 970 4097 omni
993 4055 1110 4115 genere
1130 4037 1315 4100 animalium
1338 4038 1436 4103 vitam

487 4139 657 4212 trabentes,
674 4134 823 4199 undecim
842 4157 969 4200 menses
990 4136 1191 4201 obsidionem
1212 4140 1435 4203 toleraverunt.

489 4240 626 4325 Hispani
645 4239 821 4303 Fabreuses
843 4239 950 4303 omnia
973 4240 1084 4304 eadem
1107 4240 1250 4327 perpessi
1271 4253 1356 4318 sunt,
1372 4262 1433 4306 nee

488 4340 1148 4428 tameuoppidumHerculeiotradiderunt.
1172 4342 1434 4428 Cyzicumquum
