3867 5467
590 754 653 813 904
848 762 985 809 soranis
1000 763 1283 811 sanasnaarsxsrs
1380 749 1470 830 [arn.
1486 769 1557 815 vru.

585 920 705 998 ignara,
720 917 852 980 avaritia
872 916 947 980 dum
968 939 1028 1001 per
1042 919 1200 982 exteriora
1218 933 1365 1002 vagatur,
1381 922 1554 987 edacitatis

585 1041 651 1082 suae
668 1033 843 1082 maceratur
853 1019 987 1103 jejunio.
1030 1021 1075 1083 Ut
1088 1041 1163 1083 vero
1179 1023 1294 1085 maciei
1311 1045 1384 1087 suae
1399 1025 1551 1107 indigen·

585 1123 660 1184 tiam
687 1122 829 1203 expleat,
854 1122 1034 1203 prolabitur
1063 1120 1105 1184 ad
1131 1121 1196 1186 duo
1226 1125 1335 1187 carnis
1369 1126 1450 1189 vitia
1480 1149 1550 1211 qure

586 1232 773 1304 sequuntur.
805 1223 843 1284 ln
860 1222 979 1305 quibus
995 1223 1098 1306 liquet
1108 1223 1196 1305 quod
1213 1222 1254 1286 de
1265 1226 1391 1288 ventris
1406 1226 1549 1309 ingluvie

584 1321 712 1383 luxuria
732 1322 883 1399 nascitur,
899 1319 975 1383 dum
997 1322 1031 1384 in
1048 1322 1120 1405 ipsa
1140 1323 1370 1389 distributione
1389 1327 1547 1390 membro-

585 1444 664 1501 rum,
680 1424 781 1486 ventri
802 1423 955 1505 genitalia
974 1422 1140 1486 rideantur
1160 1445 1229 1488 esse
1245 1427 1409 1491 subnexa.
1451 1428 1547 1492 Unde

586 1526 663 1589 (lum
682 1547 779 1589 unum
795 1524 974 1588 inordinate
994 1526 1145 1602 reficitur,
1160 1526 1247 1589 aliud
1271 1529 1493 1611 proculdubio
1507 1529 1545 1593 ad

586 1625 797 1689 contumelias
818 1622 984 1688 excitatur.
1023 1626 1106 1689 Haec
1128 1626 1257 1709 quidem
1272 1630 1469 1710 Gregorius,
1483 1631 1543 1693 imo

584 1748 642 1810 per
658 1727 848 1807 Gregorium
870 1726 1008 1808 Spiritus
1030 1736 1172 1792 sanctus.
1209 1729 1348 1812 Exque
1373 1732 1543 1796 constatei

584 1830 638 1913 qui
668 1828 709 1892 ad
736 1830 869 1892 salutem
900 1829 1018 1907 tendit,
1043 1830 1179 1911 primam
1206 1832 1370 1915 superbire
1396 1835 1541 1897 sobolem

583 1929 844 2011 extinguendam.
871 1925 954 2000 Quae
966 1931 994 1992 si
1006 1930 1169 2012 paulisper
1180 1933 1388 2010 succreverit,
1397 1934 1539 1996 omnium

581 2033 731 2094 vitiorum
756 2031 886 2094 frutices
913 2031 953 2094 de
983 2053 1029 2108 se,
1052 2042 1088 2093 ut
1113 2032 1305 2113 praedictum
1332 2045 1397 2111 est,
1424 2035 1535 2118 gignit

583 2134 667 2197 Nam
695 2135 754 2197 etsi
783 2133 823 2195 sit
853 2132 941 2214 apud
967 2134 1105 2216 aliquem
1137 2134 1333 2218 quandoque
1364 2138 1541 2220 praecipua,

582 2254 786 2318 nequaquam
801 2233 955 2316 possibile
972 2243 1031 2311 est,
1047 2246 1081 2297 ut
1100 2234 1141 2298 sit
1156 2235 1236 2297 sola.
1274 2235 1308 2298 si
1323 2236 1413 2299 enim
1429 2258 1539 2321 quem·

583 2335 670 2417 piam
682 2334 788 2396 inanis
800 2334 899 2414 gloria
911 2333 1063 2409 stimulat,
1074 2354 1205 2396 necesse
1217 2345 1277 2412 cst,
1286 2345 1322 2399 ut
1333 2357 1393 2419 per
1403 2337 1539 2420 abrupta

583 2437 732 2498 vitiorum
752 2455 900 2516 preceps
915 2443 994 2495 ruat.
1034 2433 1108 2495 Hoc
1131 2445 1180 2496 est
1197 2446 1304 2496 autem
1324 2434 1415 2518 quod
1430 2437 1538 2498 nobile

583 2549 730 2601 censetur
742 2535 862 2613 vitium,
871 2534 1016 2618 adeoque
1027 2535 1176 2597 humanae
1187 2535 1366 2617 fragilitatis
1377 2536 1538 2600 demulcet

581 2639 759 2722 ingenium,
770 2649 804 2700 ut
820 2638 874 2699 vix
890 2638 931 2699 sit
942 2637 992 2698 vel
1006 2657 1026 2699 a
1038 2637 1199 2719 praeclan's
1210 2638 1374 2702 mentibus
1386 2640 1535 2703 alienum.

583 2744 667 2806 Nam
689 2751 721 2804 et
736 2752 837 2803 onium
860 2738 1002 2801 nobilem
1025 2737 1132 2816 habet,
1148 2738 1262 2822 suique
1280 2738 1446 2824 dispendii
1465 2761 1535 2823 pro·

581 2864 705 2907 cessum
737 2842 852 2917 nescit,
878 2850 1051 2922 antequam
1082 2861 1101 2902 a
1130 2839 1255 2920 fastigio
1284 2854 1426 2920 corruat,
1451 2840 1535 2925 quod

582 2946 711 3027 optavit.
757 2945 842 3006 Nam
870 2953 902 3004 et
931 2942 971 3004 de
998 2962 1032 3002 se
1058 2940 1194 3003 inuicem
1220 2941 1297 3004 vitia
1323 2944 1481 3020 oriuntur,
1505 2951 1535 3005 at

580 3047 684 3109 inanis
702 3046 801 3126 gloria
821 3044 917 3106 etiarn
938 3042 971 3105 in
990 3043 1104 3105 virtute
1124 3043 1255 3124 originis
1271 3065 1337 3107 suae
1362 3044 1434 3127 figit
1451 3044 1532 3108 radi·

580 3169 662 3210 cem.
707 3148 746 3208 ln
763 3167 827 3229 quo
844 3146 928 3207 enim
945 3143 1081 3227 quisque
1096 3165 1162 3225 prae
1178 3143 1303 3207 caeteris
1318 3145 1433 3227 pollet,
1447 3145 1481 3208 in
1496 3165 1533 3214 eo

579 3248 640 3308 nisi
656 3246 740 3309 adsit
754 3245 947 3307 moderatrix
965 3246 1076 3326 gratia,
1093 3245 1217 3308 facilius
1232 3246 1429 3310 intumescit.

578 3539 659 3621 Cap.
675 3541 705 3599 Q,
730 3532 823 3611 Quod
849 3554 948 3597 rurus
973 3541 1020 3598 ert
1044 3540 1238 3617 contemptor
1259 3535 1398 3614 gloriae‚·
1433 3544 1465 3599 et
1495 3538 1533 3599 de

623 3641 727 3705 tribus
747 3642 824 3704 locis
843 3662 864 3704 a
887 3639 1003 3720 quibua
1025 3639 1133 3700 laudis
1155 3639 1291 3700 materia
1314 3639 1477 3703 trabitur:
1503 3644 1533 3701 d

621 3763 697 3825 quae
713 3744 756 3805 sit
775 3747 848 3805 laur
868 3761 956 3819 uera,
976 3757 1052 3820 qum
1065 3740 1222 3820 perfectu,
1243 3758 1315 3819 que
1338 3745 1479 3811 neutro,-
1502 3745 1531 3801 et

620 3849 659 3909 de
672 3846 885 3908 moderatione
900 3843 1122 3922 largitionum.

620 3960 689 4024 er
711 3973 816 4025 tamen
840 3972 898 4035 est,
922 3961 978 4045 qui
1001 3980 1090 4023 vanae
1113 3960 1222 4041 gloriae
1248 3980 1313 4022 non
1340 3959 1477 4038 insistat,
1500 3969 1533 4023 et

577 4085 646 4128 eam
663 4083 733 4146 quae
749 4063 790 4122 ab
806 4060 991 4125 hominibus
1006 4072 1064 4139 est,
1078 4083 1141 4124 uon
1166 4061 1377 4144 concupiscat
1392 4061 1532 4126 laudem.

577 4165 628 4228 Ad
643 4164 726 4227 hanc
739 4162 792 4226 alii
809 4162 933 4240 virtute,
948 4164 1001 4226 alii
1022 4164 1146 4227 virtutis
1161 4163 1311 4244 imagine,
1328 4164 1382 4226 alii
1399 4173 1533 4239 naturae,

576 4279 630 4330 aut
656 4267 788 4328 fortunae
811 4263 969 4326 beneficio
991 4264 1246 4346 proficiscuntur.
1292 4263 1348 4326 Ex
1370 4263 1421 4326 hia
1443 4263 1530 4327 euim

575 4368 676 4431 tribus
699 4367 789 4445 locis,
804 4366 923 4449 placuit
945 4367 1121 4429 oratoribus
1139 4365 1246 4428 laudis
1261 4386 1330 4428 esse
1354 4365 1530 4429 materiam.
