3867 5467
596 790 656 847 150
850 798 987 844 ioannis
1002 798 1278 845 sanusnuutnssts
1392 787 1482 862 [tta.
1501 806 1558 849 vu.

593 951 721 1016 scientia
736 964 767 1014 et
781 951 907 1013 levitate
920 972 1054 1013 ntorum.
1086 950 1231 1014 Sordidis
1244 951 1391 1015 vestibus
1407 953 1451 1017 ab
1465 952 1555 1017 initio

592 1054 725 1117 indutus
737 1074 818 1129 sum,
830 1066 862 1115 et
874 1073 927 1116 eas
942 1074 1106 1138 uunquam
1120 1053 1273 1135 sanguine
1284 1055 1373 1137 agni,
1385 1069 1446 1120 aut
1463 1057 1554 1120 vesti-

592 1157 653 1218 bus
670 1154 780 1218 studui
800 1153 958 1217 dealbare.
997 1154 1165 1230 Quomodo
1179 1177 1256 1238 ergo
1277 1170 1390 1219 sancta
1408 1158 1552 1221 tractabo

591 1257 745 1342 pollutus,
761 1271 829 1332 aut,
845 1254 932 1341 quod
949 1255 1142 1318 sacerdotem
1163 1270 1300 1341 oportet,
1317 1258 1445 1342 polluta
1461 1281 1550 1321 muu-

590 1359 697 1423 dabo?
724 1357 804 1421 Nam
822 1360 921 1441 legem
938 1356 1151 1421 indesinenter
1163 1360 1327 1434 contemsi,
1344 1373 1376 1423 et
1397 1361 1547 1425 Sanctum

592 1463 664 1538 Dei,
679 1463 862 1546 increpante
877 1458 1055 1533 Ezechiele,
1072 1459 1211 1543 polluere
1227 1482 1288 1523 non
1303 1459 1440 1525 cessavi.
1476 1466 1548 1527 Mes

589 1588 665 1647 ergo
688 1564 855 1648 promotio,
870 1559 980 1647 populi
1004 1560 1139 1645 dejectio
1161 1576 1220 1626 est.
1259 1566 1367 1626 Ruina
1388 1563 1546 1649 siquidem

589 1665 711 1750 populi,
726 1665 904 1727 sacerdotes
919 1663 1005 1725 mali.
1037 1663 1129 1727 Facti
1150 1678 1224 1728 sunt
1239 1664 1322 1727 euim
1346 1665 1376 1726 in
1393 1664 1545 1752 laqueum

589 1766 710 1852 pupuli,
726 1766 899 1830 existentes
920 1766 950 1828 in
975 1766 1113 1850 specula,
1130 1779 1162 1830 et
1185 1766 1266 1830 sicut
1289 1781 1356 1831 rete
1376 1783 1545 1833 extensum

586 1868 625 1931 ad
643 1868 847 1931 involvendas
862 1868 990 1932 animas.
1033 1869 1146 1931 Terret
1163 1891 1213 1931 nte
1232 1872 1375 1953 Aggeus,
1392 1870 1547 1953 parabola

587 1968 719 2052 mystica
739 1966 903 2031 sacerdotii
920 1968 1096 2052 periculum
1121 1972 1311 2056 exprimens,
1327 1983 1359 2033 et
1376 1971 1546 2033 manifeste
1618 1981 1622 1988 '

585 2068 712 2146 (locens,
734 2068 810 2153 quia
831 2072 970 2153 populus
990 2092 1009 2130 a
1031 2068 1229 2131 sacerdotum
1254 2068 1396 2131 moribus
1419 2070 1545 2133 facilius

585 2170 662 2232 vitia
690 2169 858 2244 contrahit,
888 2193 986 2255 quain
1017 2169 1162 2234 virtutes.
1215 2172 1394 2252 Interroga,
1427 2171 1544 2257 inquit,

584 2272 762 2336 sacerdotes
782 2274 895 2356 legem,
910 2284 942 2334 et
964 2271 1016 2333 dic
1038 2270 1100 2334 eis:
1134 2272 1167 2337 Si
1191 2285 1387 2336 sacrosancta
1412 2272 1464 2335 vel
1489 2295 1543 2336 vas

582 2387 724 2438 sanctum
747 2373 916 2456 contigerit
937 2372 1073 2456 alicujus
1097 2372 1331 2450 vestimentum,
1354 2372 1380 2434 si
1402 2372 1542 2436 sanctifi·

582 2487 654 2538 cant
670 2497 742 2537 eunt
759 2498 797 2537 ex
821 2472 959 2558 eoquod
984 2470 1166 2556 contingit?
1200 2473 1241 2537 Et
1259 2495 1361 2558 quum
1382 2473 1540 2537 dixissent

581 2575 757 2640 sacerdotes
773 2577 847 2660 quia
869 2595 931 2637 nott
955 2573 1141 2649 sanctilirat,
1158 2574 1240 2639 dixit
1263 2573 1303 2636 ad
1319 2596 1373 2637 eos
1390 2596 1538 2639 rursum:

582 2680 614 2742 Si
631 2679 832 2745 immunditia
852 2678 1021 2763 eontigerit
1037 2680 1260 2741 vestimentum
1284 2677 1408 2754 mundi,
1428 2692 1536 2743 utrum

580 2781 704 2863 polluat
719 2782 813 2845 eum?
838 2783 883 2843 Et
899 2781 1061 2854 dixerunt,
1077 2780 1152 2864 quia
1170 2779 1294 2864 polluit.
1323 2779 1537 2845 Tolerabilius

578 2904 655 2965 ergo
677 2896 723 2945 est
747 2905 796 2944 tne
820 2903 918 2942 unum
943 2880 1079 2965 propriis
1099 2882 1240 2944 consumi
1266 2880 1363 2956 vitiis,
1380 2903 1480 2966 quam
1503 2882 1534 2945 in

579 2983 695 3046 multos
711 2982 859 3046 vitiorum
882 2982 1019 3045 diffundi
1037 2996 1167 3068 pestem.
1207 2982 1256 3047 Ad
1274 2982 1342 3046 baec
1358 2983 1385 3047 si
1400 3006 1536 3070 persona

577 3097 659 3149 esset
687 3105 918 3168 usquequaque
949 3083 1128 3162 laudabilis,
1154 3086 1178 3148 si
1211 3106 1273 3148 nou
1303 3108 1404 3150 essem
1435 3090 1535 3150 curiae

577 3186 713 3249 nexibus
735 3185 886 3268 illigatus,
911 3209 960 3248 ute
987 3186 1129 3250 Micheas
1152 3186 1319 3250 durissime
1342 3187 1468 3273 repellit
1491 3188 1533 3253 sb

575 3287 678 3365 aditu,
698 3307 759 3348 non
784 3287 888 3349 serens
917 3289 1003 3373 Syou
1029 3288 1179 3353 aedificari
1204 3290 1236 3352 in
1258 3290 1480 3374 sanguinibus,
1500 3303 1533 3354 et

576 3386 773 3453 Hierusalem
790 3388 821 3451 in
838 3389 1009 3472 iniquitate
1025 3390 1203 3477 principum
1221 3414 1362 3455 snorum.
1396 3391 1461 3457 llic
1475 3404 1532 3455 aut

574 3491 663 3555 nulla
682 3502 741 3567 est,
757 3503 813 3555 aut
836 3490 1010 3577 compulsa,
1027 3503 1083 3555 aut
1103 3492 1251 3557 simulata
1273 3491 1396 3557 electio.
1437 3494 1530 3556 Hanc

572 3619 700 3684 quoque
729 3610 850 3683 partem
880 3608 1031 3681 protensa
1065 3595 1282 3679 disputatione
1311 3595 1527 3681 prosequitur.

572 3702 736 3766 Postremo
766 3722 797 3763 se
831 3699 1009 3785 promoveri
1039 3720 1101 3762 non
1131 3721 1223 3783 posse
1252 3698 1318 3761 sine
1347 3698 1528 3785 suspicione

570 3803 748 3866 simoniaca
760 3799 935 3885 pravitatis,
948 3822 1048 3885 quum
1060 3800 1101 3863 ob
1115 3799 1250 3886 bocjus,
1262 3803 1525 3864 etauctoritatem

570 3902 677 3984 sigilli,
688 3914 744 3964 aut
755 3899 880 3974 cimelii,
891 3914 947 3963 ant
959 3900 1077 3977 scrinii,
1089 3901 1200 3964 emisse
1210 3901 1369 3972 videatur,
1382 3900 1453 3964 licet
1464 3900 1528 3964 alia

569 4015 673 4063 tuente
688 3997 728 4060 ad
744 3999 931 4083 obsequium
947 4003 1124 4084 potestatis,
1136 4003 1215 4067 sicut
1232 3999 1370 4087 praesciis
1387 4015 1525 4068 testatur

567 4100 645 4175 (lies,
661 4122 726 4185 qua
745 4097 887 4161 delatum
906 4102 1057 4163 honorem
1080 4105 1212 4188 respuit,
1229 4117 1308 4168 teste
1329 4104 1523 4168 conscientia

566 4201 742 4274 accesserit,
764 4199 913 4262 affectans
937 4213 972 4264 ut
994 4224 1049 4285 per
1072 4202 1132 4267 boo
1153 4206 1218 4267 sine
1239 4226 1333 4266 onere
1354 4204 1523 4268 sortiretur

565 4302 724 4365 bonorem.
764 4301 960 4387 Apostolicas
983 4327 1112 4389 quoque
1135 4307 1311 4369 sanctiones
1335 4304 1470 4390 replicat
1493 4318 1524 4368 et

564 4403 708 4483 rcrolrit,
720 4404 839 4492 quibus
855 4404 977 4490 pridem
996 4419 1151 4469 statutum
1165 4420 1224 4485 est,
1239 4419 1274 4471 ut
1290 4430 1307 4469 a
1325 4406 1423 4470 sacris
1437 4406 1522 4469 ordi-
