3867 5467
541 788 560 843 t
809 796 946 842 tonsure
964 794 1237 839 stnrsnsmnssrs
1361 776 1442 856 [mn.
1460 791 1502 837 vr.

540 954 597 1038 jus
623 949 713 1025 dicit,
738 950 848 1012 habito
876 959 982 1011 temen
1013 960 1160 1030 respectu
1190 969 1254 1011 non
1280 947 1321 1010 ad
1350 947 1385 1009 id
1415 945 1503 1030 quod

545 1053 635 1128 facit,
650 1051 707 1114 sed
723 1051 762 1114 ad
779 1050 813 1112 id
829 1050 916 1134 qnod
936 1051 1040 1113 facere
1058 1050 1170 1113 debet:
1194 1051 1289 1112 sicet
1309 1049 1501 1131 publicanus

546 1154 641 1217 etium
671 1172 769 1235 quum
795 1150 963 1233 delinquit,
991 1149 1045 1232 jus
1072 1149 1196 1212 videtur
1224 1150 1369 1232 implere,
1390 1147 1501 1210 habita

546 1268 652 1317 tamen
684 1252 780 1313 officii
811 1272 875 1312 non
906 1251 1037 1312 malitiae
1071 1251 1200 1313 ratione.
1251 1251 1316 1313 Sed
1345 1249 1422 1333 quid
1452 1262 1501 1310 est

547 1354 688 1417 officium
705 1348 893 1434 publicani?
932 1351 1023 1413 Luce
1045 1351 1198 1413 referente
1220 1351 1400 1427 didicimus,
1425 1349 1500 1431 quia

548 1454 713 1539 publicani
741 1450 957 1515 veneruntad
984 1452 1176 1526 Johennem,
1202 1464 1237 1513 ut
1264 1452 1503 1534 baptizarentur

550 1555 591 1618 ab
614 1574 669 1617 eo:
695 1563 727 1614 et
749 1551 909 1627 dixerunt,
933 1550 1100 1631 Magister,
1124 1550 1202 1633 qnid
1225 1548 1398 1613 faciemus?
1437 1550 1502 1611 Re·

550 1653 712 1737 spondens
734 1664 840 1713 autem
863 1649 994 1712 dicebat
1015 1652 1098 1713 illis:
1134 1651 1223 1712 Nihil
1246 1651 1384 1731 emplius
1406 1671 1502 1732 quam

552 1751 637 1837 quod
661 1751 869 1815 constitutum
884 1759 934 1810 est
950 1750 1042 1813 vobis
1058 1751 1203 1831 exigatis.
1248 1750 1337 1812 Ecce
1361 1750 1502 1811 officium

552 1852 716 1936 publicani
751 1849 879 1929 exigere
910 1860 942 1911 et
971 1849 1112 1931 recipere
1141 1849 1229 1933 quod
1262 1861 1411 1913 statutum
1445 1859 1503 1911 est.

551 1951 714 2036 Quicquid
731 1961 836 2013 atttem
853 1951 991 2034 amplius
1007 1961 1066 2027 est,
1082 1972 1101 2011 a
1116 1952 1200 2013 malo
1224 1952 1385 2031 exigentis
1403 1962 1453 2013 est
1472 1960 1504 2011 et

553 2053 753 2136 accipientis,
769 2072 832 2114 non
849 2052 1032 2133 praebentis.
1078 2053 1153 2114 Hoc
1177 2064 1282 2115 autem
1303 2052 1344 2115 ad
1363 2053 1504 2114 omnium

553 2153 789 2236 magistratuum
821 2151 973 2213 officiales
1003 2150 1185 2232 porrigitur,
1214 2163 1250 2213 ut
1278 2154 1319 2214 eb
1349 2152 1396 2214 eis
1424 2152 1505 2213 nihil

554 2254 691 2337 emplius
715 2253 868 2331 exigatur.
915 2252 1121 2333 Apparitores
1146 2252 1253 2336 itaque
1278 2254 1413 2316 licenter
1438 2253 1506 2314 exi-

554 2359 648 2435 gunt,
662 2347 750 2431 quod
766 2349 813 2420 eis
829 2347 962 2410 debetur
984 2369 1025 2409 ex
1047 2350 1208 2432 sportulis,
1224 2364 1256 2412 et
1270 2352 1412 2413 omnium
1428 2362 1508 2412 stra-

556 2452 680 2515 tilatum
696 2448 835 2524 ordines,
851 2450 1000 2511 salarium
1016 2450 1221 2513 constitutum
1231 2452 1318 2534 juste
1334 2452 1507 2535 accipiunt.

558 2552 739 2616 Concutere
751 2559 856 2611 temen
868 2562 900 2611 et
911 2570 1026 2612 vexere
1040 2571 1105 2612 non
1117 2551 1204 2629 licet,
1215 2564 1249 2614 ut
1261 2565 1510 2634 extorqueantur

558 2666 591 2717 et
605 2670 745 2713 munera.
779 2650 880 2729 ignia,
895 2650 1001 2732 inquit
1016 2651 1125 2713 beatus
1139 2652 1215 2728 lob,
1227 2651 1391 2715 devorabit
1406 2653 1510 2715 teber-

557 2752 674 2816 nacula
688 2771 807 2827 eorum,
823 2749 879 2832 qni
895 2770 1025 2811 munera
1045 2750 1180 2812 libenter
1202 2752 1375 2833 accipiunt.
1422 2750 1509 2812 Con·

558 2853 646 2936 cepit
668 2851 809 2912 dolorem
832 2861 1010 2912 conventus
1031 2871 1152 2927 eorum,
1166 2862 1198 2913 et
1212 2851 1338 2934 peperit
1358 2851 1509 2933 iniquita-

559 2963 635 3029 tem,
657 2962 689 3013 et
712 2960 819 3012 uterus
842 2949 912 3031 ejus
935 2963 1092 3032 proeparnt
1116 2951 1219 3013 dolos.
1262 2951 1510 3016 Publicanorum

560 3052 701 3117 omnium
718 3071 738 3112 a
757 3049 897 3111 maximo
921 3048 1085 3133 usquead
1108 3051 1274 3113 minimum
1297 3065 1409 3128 coetus,
1432 3074 1510 3116 con·

561 3151 701 3218 sussioni
723 3171 808 3212 nunc
832 3150 951 3231 potius,
974 3172 1069 3233 quam
1089 3150 1225 3234 justitiae
1251 3164 1354 3225 vacat,
1370 3155 1461 3217 etita
1476 3157 1510 3217 in

560 3252 716 3337 populum
731 3248 956 3329 debacchatur,
972 3262 1008 3314 ut
1022 3250 1108 3334 quod
1123 3252 1252 3336 reliquit
1267 3274 1358 3329 unns,
1374 3253 1427 3316 alii
1444 3276 1509 3316 non

560 3365 721 3417 morentur
735 3351 866 3429 auferre,
882 3373 919 3414 ac
936 3353 962 3414 si
973 3352 1069 3436 juxta
1090 3356 1355 3437 conquestionem
1374 3356 1512 3439 prophe·

562 3454 658 3517 ticam
685 3449 724 3512 ad
751 3450 811 3513 hoc
839 3451 1004 3514 constituti
1031 3453 1105 3527 sint,
1131 3465 1167 3516 ut
1192 3452 1353 3515 residuum
1380 3456 1513 3517 locustae

563 3549 711 3617 comedat
733 3550 885 3612 bruchus.
930 3551 976 3613 Et
996 3563 1034 3614 ut
1054 3553 1101 3615 eis
1123 3552 1164 3614 sit
1185 3552 1286 3634 major
1306 3554 1436 3616 licentia
1457 3576 1514 3617 no-

564 3651 670 3725 cendi,
686 3671 768 3713 unus
782 3650 814 3712 in
830 3670 864 3713 se
884 3652 976 3732 plurn
995 3662 1163 3714 coacervat
1185 3652 1301 3726 officia,
1316 3666 1352 3714 ut
1366 3653 1453 3736 quod
1474 3656 1515 3716 ub

564 3775 629 3818 uno
644 3773 708 3815 non
724 3752 849 3834 accepit
863 3753 982 3830 officio,
999 3753 1088 3816 tollet
1102 3753 1142 3815 ab
1158 3753 1230 3815 alio.
1275 3753 1421 3816 Tradunt
1434 3756 1516 3837 phy·

546 3832 692 3932 ‘siologt
707 3851 795 3934 quod
810 3873 852 3913 ex
868 3853 992 3914 locuste
1007 3852 1147 3914 nascitur
1165 3853 1317 3931 bruchus,
1333 3852 1388 3936 qni
1404 3855 1449 3916 ita
1464 3876 1517 3916 vo·

566 3962 658 4014 cetur
672 3969 838 4031 quousque
855 3950 922 4010 alas
938 3949 1065 4013 hebeat.
1097 3949 1229 4013 Exinde
1241 3954 1518 4015 succrescentibus

568 4051 639 4127 alis,
654 4069 726 4110 cum
743 4048 875 4130 coeperit
889 4050 1029 4126 volitare,
1045 4062 1176 4113 vocetur
1190 4052 1364 4114 athelebus.
1411 4054 1516 4124 Quum

563 4152 655 4215 enim
691 4148 875 4230 plenissime
913 4150 1018 4211 volare
1052 4152 1178 4233 poterit,
1210 4154 1347 4214 efficitur
1383 4154 1518 4217 locusta·

568 4253 691 4324 Iterum
712 4261 745 4310 et
765 4249 862 4310 multo
885 4250 1008 4330 gravior
1031 4263 1080 4313 est
1102 4253 1254 4329 bruchus,
1268 4274 1363 4334 quam
1385 4255 1520 4330 locusta,

571 4360 604 4414 et
632 4348 807 4422 athelebus,
839 4350 913 4430 quin
943 4350 971 4411 ei
1003 4349 1120 4413 desunt
1142 4352 1212 4428 alte,
1237 4374 1297 4415 nec
1328 4355 1392 4416 cito
1416 4366 1523 4437 potest
