3867 5467
624 770 666 825 70
873 779 1010 825 rosusrs
1024 779 1300 824 ssassnsarsssrs
1438 763 1578 843 [mmm.

626 954 687 996 nec
713 933 809 1009 auris,
830 954 891 996 nec
917 932 1039 1013 lingna,
1053 943 1109 996 aut
1130 931 1256 1015 siquid
1278 932 1366 997 aliud
1387 934 1421 996 in
1447 954 1582 1017 corpote

627 1034 810 1116 reipublicae
825 1032 924 1114 degit,
938 1054 1087 1096 securum
1103 1045 1162 1109 est,
1175 1034 1204 1096 si
1219 1034 1364 1116 insurgat
1380 1035 1414 1097 in
1430 1036 1582 1109 animam,

627 1136 669 1196 ob
685 1136 816 1215 gratiam
830 1135 923 1217 cnjus
937 1135 1001 1216 ipsi
1015 1136 1101 1198 oculi
1116 1134 1317 1198 effodiuntur.
1355 1136 1465 1209 Quum
1477 1146 1582 1200 sutem

630 1235 719 1299 Dens
744 1236 915 1298 offenditur
938 1237 1043 1299 abusu
1066 1236 1244 1307 criminum,
1267 1250 1322 1299 aut
1343 1237 1485 1301 ecclesis
1506 1258 1580 1300 con·

628 1338 782 1415 calcatur,
805 1338 901 1400 totius
923 1336 1039 1400 animae
1060 1335 1254 1417 periclitatam
1275 1337 1373 1400 salus.
1418 1336 1518 1409 Quod
1538 1337 1582 1400 ita

629 1437 766 1500 alienum
788 1448 837 1500 est
850 1434 892 1498 ab
907 1436 1015 1499 officio
1036 1435 1202 1518 principis,
1218 1447 1254 1499 ut
1267 1436 1417 1519 quotiens
1431 1437 1497 1500 ista
1510 1457 1582 1520 pro·

576 1588 579 1592 ,
629 1539 762 1600 veniunt
775 1538 809 1600 in
826 1537 1000 1619 republica,
1010 1547 1065 1599 sut
1079 1536 1209 1600 omnino
1220 1557 1286 1599 non
1302 1536 1419 1601 sentire
1434 1537 1583 1601 credatur

630 1638 792 1721 princeps,
815 1649 870 1699 aut
892 1635 1040 1713 dormire,
1061 1638 1173 1700 autin
1200 1638 1372 1701 diversorio
1398 1660 1483 1702 esse.
1527 1637 1581 1701 Sol

629 1738 749 1799 eminet
770 1738 934 1813 universis,
949 1750 984 1800 ut
998 1749 1117 1801 cuncta
1139 1737 1257 1812 rideat,
1277 1752 1311 1801 st
1331 1738 1490 1822 dijudicet
1513 1739 1581 1803 uni·

632 1859 729 1903 versa.
775 1839 883 1902 Solam
899 1840 1043 1913 alterum,
1058 1839 1235 1922 principem
1251 1860 1321 1903 esse
1336 1840 1444 1903 credo.
1484 1841 1583 1905 Recte

631 1938 743 2023 utique
756 1939 843 2016 facit,
859 1960 958 2022 quum

772 2069 900 2136 Ignavum
912 2069 984 2123 fucos
995 2087 1074 2142 per-m
1086 2087 1102 2120 s
1113 2069 1272 2140 proseptum
1284 2077 1364 2134 arcet,

633 2208 688 2290 qui
704 2208 839 2269 alvearia
858 2208 1007 2289 spoliant,
1022 2220 1053 2270 et
1076 2208 1229 2291 quicquid
1252 2206 1346 2271 dulce
1367 2221 1428 2286 est,
1441 2212 1587 2291 ebibunt,

632 2320 687 2370 aut
708 2316 882 2388 asportant.
929 2307 1030 2369 Recte
1046 2306 1122 2369 facit
1137 2327 1235 2389 quum
1259 2308 1405 2370 ecclesiae
1421 2327 1585 2391 promovet

633 2409 878 2490 culmen‚quum
889 2406 1052 2488 religionis
1061 2406 1419 2490 dilatatcultum,quum
1429 2415 1586 2495 superbos

633 2507 789 2584 humiliat,
803 2519 835 2571 et
855 2508 975 2570 exaltat
997 2508 1144 2584 humiles,
1158 2508 1330 2572 munificus
1348 2510 1383 2571 in
1405 2532 1538 2592 egenos,
1551 2516 1583 2578 in

633 2610 781 2695 copiosos
806 2610 972 2692 frugalior3
1009 2630 1106 2691 quum
1133 2609 1261 2673 virtutes
1287 2612 1429 2693 prumia,
1455 2628 1489 2678 et
1512 2616 1587 2680 vitia

636 2734 727 2796 unqua
740 2734 906 2796 poenarum
921 2713 1014 2775 lance
1024 2725 1213 2785 remunerat,
1226 2731 1323 2794 quum
1330 2712 1457 2797 justitia
1472 2737 1585 2802 usque·

634 2836 762 2899 quaque
778 2815 923 2877 ambulat
937 2824 1010 2875 ante
1026 2833 1110 2885 eum,
1126 2823 1158 2874 et
1174 2812 1265 2893 ponit
1278 2814 1312 2875 in
1328 2813 1380 2876 via
1394 2817 1588 2897 prudentiss,

633 2916 828 2995 aliarumque
845 2915 1005 2989 virtutum,
1020 2934 1147 2993 gressus
1162 2934 1247 2976 suos.
1293 2914 1457 2997 Equidem

739 3041 782 3091 Sis
794 3040 889 3108 petitur
900 3037 1005 3103 ooelum,
1017 3057 1068 3092 non
1079 3047 1110 3093 ut
1117 3040 1186 3095 forst
1197 3043 1284 3095 Ossan
1296 3042 1432 3117 Olympus,

773 3124 930 3191 Summaque
942 3123 1064 3179 Peliacus
1076 3126 1161 3179 sidera
1173 3133 1266 3225 tangat
1277 3146 1353 3201 spsx.

635 3246 747 3331 lnquit
761 3243 943 3325 Sapientia:
968 3246 1020 3308 No
1036 3249 1193 3329 gloriosus
1208 3270 1363 3334 appareas
1377 3273 1486 3318 coram
1499 3276 1585 3339 rego,

634 3364 667 3414 et
695 3349 728 3410 in
757 3347 830 3408 loco
860 3366 1045 3428 magnorum
1075 3372 1116 3414 ne
1141 3352 1276 3414 steteris.
1321 3354 1437 3438 quue
1464 3370 1590 3439 spectat

635 3446 789 3532 sapientis
804 3444 957 3523 edictum,
969 3461 1005 3513 ut
1019 3449 1164 3534 quisquis
1178 3472 1244 3515 non
1259 3451 1443 3518 humiliatur
1456 3456 1489 3519 in
1505 3458 1588 3524 facis

634 3547 800 3636 principis,
822 3547 933 3611 merita
954 3550 1142 3614 confusione
1163 3553 1334 3629 obductus,
1357 3555 1468 3636 gloria,
1491 3580 1588 3642 quam

636 3649 811 3734 usurpavit,
833 3647 950 3729 dignus
972 3663 1020 3714 est
1044 3651 1186 3733 spoliari.
1234 3655 1403 3719 Honorum
1428 3659 1589 3741 siquidem

634 3754 820 3819 distributor
842 3764 900 3827 est,
923 3764 956 3817 st
978 3751 1052 3815 dum
1076 3765 1161 3815 recte
1185 3753 1343 3818 ministrat
1364 3757 1590 3841 principatum,

636 3874 736 3938 pones
749 3874 822 3916 eum
838 3864 886 3914 est
899 3867 1053 3933 perpetua
1063 3851 1259 3935 dispensatio
1274 3877 1449 3922 munerum.
1487 3861 1589 3926 Recte

637 3951 765 4035 quidem
775 3951 1093 4032 ministrat‚quumeo
1104 3953 1458 4036 praesidente,loetantur
1468 3963 1593 4045 populi,

639 4067 672 4116 ot
694 4051 726 4111 in
753 4069 853 4127 regno
879 4050 1038 4131 aequitatis
1063 4055 1160 4117 totius
1187 4068 1275 4120 terras
1299 4058 1434 4121 latitudo
1457 4063 1592 4128 exultat

641 4153 808 4233 Ferratus,
836 4147 978 4232 inquam,
1008 4153 1084 4234 quia
1113 4165 1147 4217 ut
1175 4158 1329 4240 scriptum
1360 4175 1418 4237 est,
1448 4182 1505 4225 rex
1536 4165 1593 4247 qui

634 4251 759 4336 judicat
773 4251 804 4313 iu
821 4250 949 4313 veritate
970 4273 1136 4337 pauperes,
1151 4257 1283 4321 thronus
1302 4260 1372 4344 ojus
1387 4262 1420 4324 in
1438 4275 1592 4328 arternum

640 4351 822 4417 firmabitur.
868 4351 949 4424 Quis
973 4374 1047 4436 orgo
1070 4356 1220 4420 honoram
1252 4361 1397 4426 detrahat
1428 4365 1468 4439 ai,
1496 4387 1593 4448 quom
