3867 5467
481 759 524 819 86
741 767 878 813 scaurus
894 764 1172 811 saassnsarsnsrs
1277 746 1366 827 [ara.
1381 764 1437 811 vra

481 924 637 1008 juriarum
660 922 812 984 memoria
834 920 958 983 camelo
980 920 1136 981 tenaciter
1156 917 1289 994 residet,
1309 928 1343 980 ct
1363 916 1440 980 Rhi-

485 1044 630 1098 noceros,
645 1023 700 1105 qui
715 1033 748 1084 et
762 1020 927 1084 unicornis
940 1031 1001 1093 est,
1013 1017 1144 1099 virginis
1158 1018 1379 1098 integritatem
1394 1018 1439 1081 sic

485 1124 686 1206 agnoscit‚ut
696 1122 865 1184 dumtaxat
878 1120 965 1183 illins
980 1121 1044 1182 fere
1060 1119 1267 1200 amplexibus
1283 1118 1439 1202 capiatm.

486 1225 625 1291 Odorem
635 1224 802 1288 Pantherae
813 1232 928 1286 coetera
938 1231 1114 1305 sequuntur
1124 1220 1292 1298 animalia;
1308 1231 1341 1284 et
1351 1217 1437 1305 qnod

485 1326 661 1390 mirabilius
676 1335 736 1401 est,
755 1325 863 1407 pisces
884 1324 917 1387 in
940 1324 1119 1405 gurgitibus
1140 1320 1182 1385 ad
1204 1320 1351 1405 speciem
1372 1321 1438 1386 auri

486 1429 696 1492 conveniunt:
732 1424 818 1488 unde
846 1434 879 1488 et
907 1424 1068 1488 soevientis
1096 1423 1233 1486 luxurias
1263 1423 1439 1507 Imperator
1467 1453 1470 1460 ·

486 1532 585 1608 Nero,
612 1529 725 1606 aureis,
750 1538 786 1590 ιιι
810 1525 938 1604 dicitur,
964 1525 1085 1588 retibus
1111 1523 1308 1607 piscabatur.
1352 1521 1437 1597 Quid

488 1628 609 1694 multe?

590 1733 678 1785 Torva
689 1732 773 1785 leaena
784 1731 874 1802 lupum
886 1731 1014 1800 sequitur,
1025 1729 1101 1802 lupus
1112 1730 1168 1802 ipse
1180 1728 1318 1801 capellam,

593 1816 743 1870 Florentem
754 1817 865 1884 cytisum
878 1815 993 1883 sequitur
1004 1812 1102 1867 lasciva
1113 1814 1222 1885 capella.

486 1934 532 1995 Et
545 1933 579 1994 in
595 1932 681 1993 bunc
696 1930 827 1993 modum
844 1930 1006 2012 voluptate
1022 1949 1081 1992 sua
1096 1930 1264 1993 trahuntur
1282 1931 1437 2015 plurima:

486 2033 574 2117 qtrod
585 2032 631 2108 (ut
640 2031 750 2108 credo)
763 2032 888 2094 evenire
898 2052 962 2094 non
973 2041 1095 2114 posset,
1104 2031 1131 2094 si
1141 2031 1182 2094 de
1192 2032 1363 2096 affectibus
1372 2034 1437 2096 suis

486 2136 534 2195 vel
555 2134 648 2195 bruta
662 2132 812 2194 animalia
831 2132 1021 2194 dubitarent.
1067 2131 1131 2204 Qui
1153 2151 1229 2213 ergo
1249 2130 1291 2195 sd
1312 2133 1437 2214 singula

487 2235 589 2298 nescii
609 2243 694 2310 sunt,
714 2255 777 2316 qua
796 2234 971 2297 temeritate
993 2235 1042 2295 rel
1062 2233 1274 2316 impudentia,
1293 2235 1437 2313 phileso-

486 2336 609 2419 plrandi
619 2335 847 2417 professionem
858 2332 1032 2417 arripiunt?
1054 2335 1282 2398 Namsicutab
1292 2331 1436 2419 eo,quod

486 2449 596 2501 notum
612 2451 671 2511 est,
687 2438 785 2514 notio,
800 2436 848 2498 sic
871 2448 904 2500 et
927 2437 1006 2499 ratio
1026 2438 1067 2499 ab
1088 2458 1136 2515 eo,
1154 2437 1242 2521 quod
1258 2447 1363 2501 ratum
1378 2446 1436 2512 cst,

486 2539 520 2602 id
542 2551 591 2602 est
612 2550 731 2602 certum
758 2551 790 2600 et
816 2538 951 2614 firmum,
974 2538 1179 2619 grammatice
1202 2537 1434 2603 denominatur.

487 2641 532 2704 Et
551 2641 696 2722 protecto
719 2639 823 2701 inanis
845 2650 895 2702 est
915 2638 997 2700 ratio
1019 2637 1169 2716 hominis,
1189 2638 1243 2702 cui
1265 2639 1346 2702 nihil
1370 2658 1436 2721 per·

486 2741 613 2806 suaderi
645 2752 761 2824 potest,
792 2740 869 2824 quin
906 2759 1033 2820 semper
1062 2752 1095 2801 et
1123 2740 1156 2802 in
1187 2740 1339 2804 omnibus
1368 2739 1433 2824 opi·

486 2846 616 2906 nionunr
639 2843 762 2905 lubrico
778 2843 915 2904 vacillet.
961 2839 1050 2911 Quid
1071 2841 1157 2904 enim
1179 2842 1208 2903 ei
1230 2842 1436 2926 philosophia

487 2946 619 3018 confert,
639 2944 694 3026 qni
717 2962 843 3024 semper
865 2943 998 3006 fluctuat
1019 2943 1246 3026 opinionibus;
1269 2958 1302 3008 et
1323 2944 1433 3024 cui‚in

485 3041 684 3106 ostendenda
708 3042 869 3104 felicitatis
892 3044 954 3121 ria,
977 3044 1109 3107 rationis
1134 3046 1242 3108 lumen
1264 3045 1436 3127 extinguit,

486 3159 518 3207 et
539 3143 632 3227 quasi
655 3144 781 3205 oculum
804 3143 896 3219 eruit,
919 3156 954 3206 ut
978 3145 1102 3208 cautius
1126 3156 1159 3209 et
1184 3145 1304 3211 rectius
1323 3159 1436 3231 pergat

485 3244 594 3322 viator,
612 3244 663 3306 cui
678 3255 846 3306 ostensura
860 3254 910 3306 est
925 3242 1031 3307 viam?
1071 3247 1189 3309 Nonne
1210 3260 1243 3309 et
1262 3248 1433 3331 plurimum

485 3347 579 3407 obest
592 3344 639 3406 illi
655 3344 711 3427 qui
726 3344 929 3408 excecatur?
969 3346 1057 3419 Quid
1076 3347 1183 3430 potius
1204 3361 1366 3433 sequetur,
1380 3351 1435 3434 qui

485 3459 572 3509 tanta
601 3446 822 3509 contrarietate
853 3446 1060 3511 distrahitur?
1106 3448 1190 3512 Sane
1220 3448 1262 3513 ad
1298 3453 1433 3534 patriam

484 3568 578 3611 neme
601 3548 753 3631 pervenit,
767 3548 828 3610 nisi
852 3549 906 3632 qui
929 3570 1024 3612 unam
1049 3550 1193 3634 sequitur
1208 3550 1310 3630 viam3
1334 3556 1435 3639 etqui

485 3651 570 3714 omni
582 3651 677 3713 verbo
688 3669 797 3713 aurem
809 3650 1043 3728 accommodat,
1052 3672 1217 3735 nunquam
1229 3653 1356 3737 quietus
1367 3656 1435 3719 erit.

486 3753 604 3816 Nonne
635 3751 769 3814 similior
797 3761 846 3813 est
874 3747 1062 3831 lethargico,
1089 3764 1144 3815 aut
1172 3753 1346 3837 insipienti,
1370 3757 1436 3820 sive

484 3853 609 3928 insano,
632 3874 728 3934 quam
751 3851 961 3932 Philosopho,
981 3851 1036 3935 qui
1062 3874 1163 3937 quum
1186 3856 1304 3919 somnii
1327 3862 1434 3924 memi-

485 3953 576 4024 nerit,
597 3972 637 4012 an
661 3951 822 4012 dormierit
843 3950 979 4028 dubitat,
997 3969 1031 4017 et
1050 3976 1123 4018 cum
1140 3957 1215 4020 cibo
1230 3959 1363 4024 satiatus
1378 3976 1436 4040 est,

485 4073 525 4114 arr
545 4051 675 4133 jejunus
698 4050 749 4123 sit,
767 4052 880 4128 nescit,
895 4062 928 4114 et
949 4055 1070 4120 nullius
1092 4078 1201 4121 eorum
1217 4080 1290 4141 quoe
1305 4064 1371 4143 egit
1386 4065 1436 4129 rel

484 4154 517 4214 in
541 4150 698 4233 proximo,
721 4150 888 4214 scientiam
910 4151 1032 4218 habet?
1074 4158 1211 4233 Deinde,
1232 4181 1369 4243 quanam
1390 4166 1436 4229 vir

483 4256 515 4316 iu
548 4252 763 4334 Philosophiae
800 4254 1048 4337 investigatione
1088 4260 1244 4342 proficiet,
1274 4266 1327 4328 cui
1357 4268 1437 4332 ratio

482 4355 563 4418 nihil
585 4353 786 4435 persuadeat,
801 4356 888 4440 quod
911 4367 1030 4437 teneat,
1054 4379 1107 4426 aut
1130 4379 1293 4449 sequatur,
1309 4371 1366 4433 sed
1390 4380 1438 4434 est
