3867 5467
483 772 544 833 lto
731 780 868 825 scaurus
883 779 1161 826 mansnnmnusrs
1278 764 1367 845 [nin.
1385 785 1442 830 vn.

482 947 541 1013 est,
556 935 767 1018 acquieveris,
783 933 906 996 videbis
920 932 982 996 iata
996 933 1154 997 laboriose
1166 935 1263 997 nimis
1278 942 1385 1021 quoeri
1399 943 1439 1004 ob

482 1033 569 1098 aliud
601 1044 633 1096 et
655 1033 688 1096 id
712 1032 805 1116 cujus
827 1043 1013 1116 quaeruntur
1035 1034 1148 1114 gratia,
1164 1055 1206 1097 ex
1232 1037 1283 1100 eis
1308 1041 1439 1105 minime

482 1136 658 1220 provenire.
682 1132 767 1196 Illud
777 1143 894 1210 tamen,
908 1130 1001 1214 cujus
1012 1144 1197 1215 quaeruntur
1208 1137 1325 1215 gratia,
1337 1141 1438 1205 serius

482 1250 515 1302 et
525 1235 786 1322 compendiosius
795 1245 921 1316 poterat
930 1233 1078 1312 inveniri,
1088 1235 1115 1297 si
1124 1237 1333 1304 nonaliunde
1343 1263 1436 1325 quam

483 1362 503 1403 a
512 1361 547 1403 se
559 1345 761 1424 quereretur.
785 1333 922 1419 Sedjam
934 1334 1000 1398 lere
1010 1335 1132 1398 malitia
1140 1336 1361 1405 invalescente
1372 1364 1434 1405 non

484 1442 644 1526 quaeritur,
674 1437 731 1501 scd
753 1436 917 1518 neglectui
938 1435 1067 1500 ducitur
1087 1460 1154 1521 prae
1179 1438 1262 1517 istis,
1286 1442 1385 1505 etiam
1411 1442 1435 1505 si

483 1552 639 1607 occurrat.
662 1540 746 1603 Nam
756 1559 855 1622 quum
866 1538 975 1601 omnia
984 1539 1071 1602 bona
1079 1540 1248 1623 sapientior
1259 1545 1437 1607 accessoria

485 1646 558 1719 sint,
572 1644 740 1725 ipsamque
756 1649 880 1702 constet
899 1660 997 1722 super
1011 1642 1144 1705 salutem
1163 1653 1197 1704 et
1211 1663 1345 1708 omnem
1368 1647 1433 1728 pul·

485 1742 698 1809 chritudinem
714 1740 939 1825 appetendam,
960 1741 1032 1826 ipsa
1055 1754 1242 1807 ceterorum
1266 1747 1435 1811 collatione

485 1845 618 1923 vilescit,
633 1856 665 1908 et
684 1845 752 1907 sola
767 1853 842 1906 sunt
856 1844 1034 1907 accessoria
1048 1844 1119 1928 ejus
1138 1844 1171 1906 in
1189 1846 1311 1930 precio.
1358 1849 1437 1921 Quis

484 1949 568 2013 enim
580 1945 824 2031 philosophatur
835 1955 871 2006 ut
879 1940 1001 2027 sapiat?
1018 1945 1103 2008 Nam
1114 1945 1249 2009 utrebus
1258 1948 1435 2026 abundent,

483 2060 539 2113 aut
566 2045 782 2130 temporaliter
807 2045 951 2121 floreant,
981 2044 1104 2109 videbis
1132 2048 1263 2122 multos,
1286 2051 1350 2114 etsi
1372 2073 1435 2114 non

484 2148 763 2232 philosophentur,
777 2157 883 2208 tamen
898 2144 1110 2228 philosophos
1125 2146 1251 2211 imitari.
1276 2148 1434 2215 Caeterum

483 2251 610 2315 facilius
618 2260 667 2313 est
676 2259 711 2312 ut
722 2247 841 2310 divitie
850 2244 1329 2332 philosophantomimpediant,
1339 2275 1432 2337 quarn

484 2365 520 2416 ut
547 2349 759 2435 philosophiae
785 2347 949 2432 quippiam
973 2349 1147 2412 conserant.
1192 2351 1266 2414 Deo
1298 2354 1436 2418 enimet

484 2455 679 2516 Mammonae
698 2443 835 2513 fideliter
848 2471 912 2512 non
930 2451 1071 2514 servitur.
1094 2453 1146 2514 Ne
1161 2454 1299 2517 verearis
1314 2466 1350 2518 ut
1365 2458 1436 2541 quis

485 2554 619 2639 patriam
634 2551 769 2629 deserat,
784 2562 819 2614 ut
833 2562 1053 2634 paupertatem
1068 2566 1279 2637 spontaneam
1295 2559 1437 2642 amplec-

483 2666 580 2734 tatur,
608 2665 644 2718 ut
662 2654 768 2718 studio
790 2664 898 2717 vacett
929 2675 1005 2717 nam
1027 2655 1233 2738 philosophia
1254 2656 1328 2741 ipsa
1348 2660 1437 2724 labor

485 2759 609 2823 videtur
630 2757 765 2832 inutilis,
788 2756 850 2819 nisi
873 2756 994 2819 tructus
1016 2758 1188 2839 opulentias
1211 2776 1433 2846 consequatur.

485 2860 574 2924 Alios
602 2870 639 2921 ut
668 2859 783 2934 sciant,
805 2854 970 2921 curiositas
992 2859 1121 2922 excitat.
1167 2861 1270 2939 Alios,
1294 2875 1330 2927 ut
1354 2865 1433 2929 scire

484 2959 658 3035 videantur,
679 2958 826 3022 elationis
850 2960 978 3024 stimulo
1001 2960 1121 3025 vanitas
1141 2974 1243 3043 urget
1289 2965 1381 3029 Alios
1395 2967 1436 3030 ad

485 3071 643 3146 quaestum
664 3059 813 3143 pestifera
834 3060 996 3143 cupiditas
1024 3061 1208 3126 inflammat.
1252 3064 1359 3130 Rarus
1389 3080 1436 3132 est

485 3164 540 3249 qui
570 3161 710 3225 caritatis
740 3172 796 3225 aut
823 3162 1012 3226 humilitatis
1047 3164 1132 3247 pedo
1167 3167 1332 3249 sapientire
1370 3171 1436 3234 vias

485 3273 650 3339 scrutetur,
667 3262 863 3327 utdoceatur
875 3277 929 3326 aut
938 3263 1064 3328 doceat.
1110 3267 1195 3330 Nam
1206 3268 1247 3330 ad
1262 3269 1436 3335 immundoe

486 3365 669 3449 voluptatis,
691 3377 746 3429 aut
768 3386 857 3428 vanae
886 3366 1034 3431 utilitatis
1056 3368 1203 3451 ineptias,
1225 3374 1335 3438 omnia
1355 3374 1435 3439 rese-

484 3478 602 3533 runtur.
639 3469 676 3531 In
692 3468 743 3531 his
758 3468 843 3531 enim
860 3467 934 3530 finis
949 3480 997 3532 cst
1013 3471 1127 3534 animae
1142 3474 1328 3539 aberrantis.
1359 3476 1436 3540 Phi-

484 3571 634 3656 losophia
647 3571 774 3636 iuterim
789 3570 941 3635 viaticum
964 3584 1023 3647 est,
1038 3592 1211 3654 paucorum
1232 3587 1349 3654 tamen,
1364 3578 1440 3661 quia

484 3674 547 3737 alia
561 3673 614 3737 via
634 3672 728 3756 longe
751 3670 875 3734 videtur
894 3690 963 3732 esse
981 3668 1248 3751 compendiosior.
1294 3676 1380 3738 Nam
1404 3687 1439 3738 ut

485 3772 1034 3854 dicisoletamoringeniiuunquam
1042 3769 1203 3835 hominem
1214 3772 1344 3839 divitem
1352 3777 1436 3841 secit-

483 3943 564 4025 Cap.
583 3947 632 4003 16.
656 3945 709 4004 De
727 3960 832 4002 amore
852 3940 1049 4017 divitiarum,
1065 3948 1096 4005 et
1115 3944 1201 4024 qttod
1214 3947 1251 4007 in
1265 3948 1310 4009 eis
1330 3952 1440 4011 animo

853 4058 911 4101 oon
926 4044 1068 4121 quiescit.

526 4177 592 4247 Qu
616 4173 699 4236 solas
721 4172 849 4236 divitias
871 4196 1041 4257 congerere
1065 4189 1188 4254 curant,
1210 4180 1291 4242 nihil
1314 4181 1348 4243 in
1373 4183 1438 4248 rita

483 4277 591 4361 potius
616 4271 703 4338 credi
729 4275 841 4338 volunt
867 4277 929 4353 via,
954 4297 1051 4361 quam
1078 4281 1201 4343 caeteris
1216 4283 1437 4365 praetulerunt.

485 4381 532 4445 Ut
546 4378 592 4443 cis
614 4376 790 4459 indigentia
807 4381 985 4463 expleatur,
1008 4381 1132 4446 diversa
1153 4385 1330 4466 probantur
1351 4409 1370 4451 a
1390 4388 1438 4451 di·
