3867 5467
575 762 634 822 136
821 772 959 819 scaurus
975 772 1258 819 saansaanrsnsrs
1376 758 1469 838 [arn.
1488 781 1547 826 vrr.

575 930 664 1013 quasi
680 929 795 990 mentis
809 926 893 1009 pede
908 928 1083 990 calcantur.
1122 926 1187 990 Sed
1206 928 1280 1011 quis
1297 937 1361 1007 est,
1376 931 1440 1014 qui
1459 932 1543 997 hanc

574 1029 705 1093 arduam
732 1028 815 1091 viam
842 1029 892 1090 vel
919 1028 1035 1091 intrare
1061 1026 1235 1111 disponat?
1270 1031 1439 1114 Angelum
1464 1030 1544 1098 forte

575 1132 646 1216 quis
668 1130 862 1213 aggreditur,
883 1142 939 1193 aut
961 1130 1045 1214 quis,
1067 1130 1095 1191 si
1116 1128 1312 1211 aggreditur,
1331 1135 1542 1216 perseveret?

575 1234 646 1297 Nec
663 1245 770 1297 tamen
786 1232 856 1295 sine
872 1230 1057 1294 discrimine
1076 1230 1281 1312 colluctandi,
1295 1230 1431 1297 videtur
1445 1237 1543 1301 facies

575 1335 725 1407 veritatis,
742 1347 773 1398 et
792 1334 854 1396 nisi
876 1333 1028 1416 pauperis
1050 1332 1140 1395 exilii
1160 1333 1342 1397 amaritudo
1364 1337 1539 1417 praecedet,

578 1439 731 1503 Rachelis
751 1447 785 1500 et
805 1436 872 1499 Liae
892 1435 1076 1518 conjugatio
1099 1455 1164 1497 non
1188 1433 1358 1516 dulcescit,
1379 1460 1446 1503 nec
1470 1461 1538 1504 suc·

576 1540 692 1604 crescit
711 1539 840 1601 soboles
859 1556 1039 1613 numerosa,
1054 1534 1117 1599 nisi
1136 1536 1170 1598 in
1187 1536 1311 1600 virtutis
1333 1540 1458 1604 baculo
1472 1536 1539 1605 Jor-

576 1641 691 1705 dancm
720 1640 895 1703 labentium
922 1637 1062 1702 solitudo
1093 1638 1263 1716 transierit,
1288 1641 1381 1704 etin
1414 1643 1540 1708 duabus

577 1741 689 1805 turmis
700 1740 910 1823 spiritualium
922 1752 955 1803 et
963 1740 1177 1822 corporalium
1188 1740 1346 1803 bonorum
1358 1742 1393 1805 in
1404 1744 1540 1827 paulam

577 1841 668 1905 dives
693 1840 877 1922 regreditur,
899 1840 955 1923 qui
982 1840 1077 1902 etiarn
1103 1840 1187 1902 inter
1212 1854 1371 1922 cognatos
1391 1847 1486 1922 exul,
1506 1846 1540 1912 in.

578 1964 665 2027 purae
680 1942 958 2024 contemplationis
974 1953 1006 2004 et
1016 1953 1112 2005 rectae
1126 1943 1324 2026 operationis
1339 1945 1454 2010 labore
1469 1947 1538 2011 diu·

578 2046 641 2107 tius
655 2043 790 2107 sudavit.
820 2044 883 2115 Qui
900 2065 976 2107 vero
996 2044 1060 2107 alia
1074 2044 1125 2107 via
1142 2044 1365 2128 philosophari
1380 2048 1538 2126 nituntur,

578 2157 692 2222 errant,
718 2158 750 2208 et
778 2160 908 2226 urgente
939 2147 1022 2209 fame
1051 2147 1264 2229 primogenita
1294 2147 1486 2230 distrahent,
1511 2151 1537 2214 si

578 2256 684 2309 tamen
700 2244 878 2308 invenerint
895 2266 1093 2324 gennauum,
1108 2246 1163 2328 qui
1179 2244 1229 2308 vel
1247 2246 1438 2312 lenticulam
1454 2251 1537 2335 sapi·

578 2347 683 2421 entiae,
706 2347 805 2431 precii
826 2346 956 2409 nomine
979 2346 1138 2428 largiatur.
1178 2347 1240 2411 Est
1259 2348 1359 2423 euim,
1383 2360 1420 2413 ut
1442 2352 1538 2415 fertur

579 2446 700 2509 dixisse
724 2448 916 2530 Aristippus,
935 2445 1101 2528 indulgere
1124 2447 1255 2520 vitiis‚a
1277 2449 1410 2530 legendi
1429 2450 1536 2516 studio

579 2561 762 2634 temperare.

710 2809 791 2889 Cap.
811 2810 859 2868 14.
883 2802 934 2865 De
948 2803 1079 2883 septimo
1095 2804 1184 2865 clave
1197 2804 1404 2869 discentium.

624 2945 663 3004 ln
679 2942 761 3003 libro
773 2938 962 3011 Quintiliani
975 2936 1016 3000 de
1030 2938 1229 3002 institutione
1241 2940 1388 3018 oratoris,
1400 2943 1536 3028 septima

581 3042 770 3106 discentium
786 3040 882 3103 clavis
897 3040 1035 3123 ponitur,
1050 3060 1139 3102 amor
1159 3041 1354 3119 docentium,
1370 3064 1435 3127 quo
1457 3066 1537 3128 prta·

581 3153 726 3226 captores
748 3151 784 3202 ut
803 3152 950 3221 parentes
970 3138 1097 3202 arnandi
1120 3149 1195 3202 sunt
1212 3153 1244 3202 et
1266 3140 1406 3205 colendi.
1445 3143 1538 3208 Sicut

581 3245 666 3308 enim
685 3242 730 3304 illi
753 3263 933 3324 corporum,
947 3242 993 3305 ita
1014 3254 1047 3303 et
1063 3240 1115 3304 isti
1134 3241 1264 3325 quidem
1283 3255 1358 3306 sunt
1376 3244 1537 3325 genitores

581 3345 768 3418 animorum,
787 3363 852 3404 non
873 3341 1000 3425 quidem
1022 3343 1062 3405 de
1083 3364 1116 3406 se
1140 3344 1306 3425 sapientiae
1323 3348 1537 3431 propagando

581 3445 801 3521 substantiam,
811 3443 868 3506 sed
880 3443 974 3527 quasi
986 3444 1174 3526 sapientiam
1188 3445 1221 3507 in
1234 3445 1415 3510 auditorum
1425 3450 1539 3513 menti·

583 3555 642 3614 bus
657 3546 802 3630 gignunt,
815 3547 848 3610 in
864 3546 978 3609 melius
994 3545 1194 3609 reformando
1210 3559 1366 3612 naturam.
1405 3552 1452 3614 Et
1467 3553 1536 3616 lraec

583 3651 711 3737 quidem
723 3652 837 3736 pietas,
846 3647 951 3713 studio
963 3648 1133 3733 plurimum
1142 3651 1274 3714 confert.
1302 3646 1386 3715 Nam
1394 3663 1427 3717 et
1434 3654 1538 3718 liben-

581 3766 629 3819 ter
644 3754 788 3832 audiunt,
803 3771 885 3837 quos
901 3764 1018 3827 amant,
1032 3761 1065 3813 ct
1080 3749 1176 3813 dictis
1192 3751 1339 3829 credunt,
1354 3765 1387 3817 et
1406 3755 1454 3819 eis
1469 3777 1537 3820 esse

581 3857 702 3918 similes
718 3854 965 3936 concupiscunt,
980 3863 1012 3914 et
1036 3852 1089 3935 pio
1105 3852 1239 3917 iaciente
1256 3856 1381 3933 affectu,
1397 3858 1430 3919 in
1447 3859 1536 3942 ipsos

581 3965 685 4018 coetus
696 3954 889 4016 scholarium
901 3955 966 4016 lacti
979 3956 1164 4038 alacresque
1176 3957 1380 4022 conveniunt
1414 3959 1534 4023 Emen-

582 4055 647 4118 dati
663 4074 727 4115 non
743 4054 929 4126 irascuntur,
942 4052 1065 4115 laudati
1079 4075 1144 4117 non
1161 4056 1363 4134 erubescunt,
1373 4071 1410 4122 ut
1425 4060 1490 4124 sint
1505 4076 1538 4124 et

581 4156 644 4240 ipsi
660 4152 815 4218 carissimi
831 4152 936 4216 studio
953 4157 1169 4220 merebuntur.
1216 4159 1300 4221 Nam
1315 4172 1351 4222 ut
1367 4159 1536 4227 doctorum

582 4258 720 4322 officium
737 4267 785 4319 est
800 4255 926 4333 docere,
939 4257 986 4320 sic
1003 4257 1183 4322 auditorum
1200 4281 1233 4323 se
1249 4263 1390 4343 praebere
1403 4262 1536 4329 dociles.

583 4362 733 4445 Alioquin
760 4372 904 4425 neutrum
937 4361 1007 4423 sine
1037 4363 1135 4425 altero
1166 4364 1290 4426 sufficit.
1337 4365 1423 4429 Nam
1454 4368 1539 4432 sicut
