3867 5467
597 1726 1222 1798 Snpnaacutdanaansnmdh:

594 1815 1309 1885 Amonerasoeipinnmimnnsugnineficro

596 1898 1208 1972 lparnnfnmspecuspuephmt.

597 1985 1320 2057 Ferramredolmquerlrpobgmtindk

489 2142 542 2205 lta
557 2144 651 2205 variis
671 2157 818 2205 tenentur
837 2145 1108 2227 occupationibus
1129 2145 1229 2220 eires,
1243 2157 1278 2209 et
1298 2144 1379 2210 dnm
1398 2150 1445 2213 sic

488 2244 637 2308 coluntur
665 2245 773 2307 officia
797 2245 1004 2324 singulorum,
1026 2257 1063 2307 ut
1091 2244 1291 2308 universitati
1319 2248 1445 2332 prospi-

488 2344 604 2423 ciatur,
631 2345 708 2408 dum
732 2346 861 2427 justitia
889 2345 1014 2420 colitur,
1043 2344 1125 2408 fines
1154 2345 1299 2408 omnium
1328 2349 1446 2413 mellea

488 2445 628 2509 dulcedo
650 2446 823 2530 perfundit
867 2448 1086 2510 Veruntamen
1111 2446 1231 2510 nullius
1256 2449 1442 2532 reipublice

487 2561 538 2612 est
551 2546 675 2612 diutina
691 2549 838 2625 felicitas,
850 2549 913 2611 nisi
936 2548 1136 2612 universitati
1151 2550 1329 2633 prospiciat
1341 2563 1441 2636 caput

487 2654 659 2717 incolume.
703 2652 801 2726 Quod
830 2652 947 2715 sinon
976 2672 1120 2729 noveras,
1143 2652 1194 2714 rel
1217 2650 1361 2718 Didonis
1386 2654 1442 2719 do-

487 2757 589 2820 esuris
610 2757 772 2839 exemplo.
816 2753 946 2831 Quanta
974 2752 1060 2815 enim
1082 2752 1211 2816 levitate
1233 2753 1356 2819 AEueas
1385 2755 1441 2821 ad·

488 2858 633 2932 mittitur,
648 2869 800 2940 quantam
816 2856 882 2919 cito
895 2852 1021 2916 invenit
1035 2852 1167 2934 gratiam
1182 2853 1280 2916 homo
1300 2854 1441 2937 ignotus,

486 2957 575 3024 exul,
605 2957 768 3037 fugitivos,
797 2955 890 3037 cujus
927 2974 1026 3017 causa
1060 2956 1171 3037 ignota
1207 2964 1267 3028 est,
1298 2978 1441 3040 persona

486 3054 664 3141 suspecta?
710 3055 837 3128 Quanta
872 3054 1055 3118 curiositate
1096 3067 1244 3139 exceptat
1286 3070 1362 3123 sunt
1398 3062 1440 3124 ab

484 3159 615 3225 auribus
650 3157 830 3241 principum
869 3156 1023 3220 sabulosa
1060 3158 1257 3222 narrationes
1285 3159 1440 3238 hominis,

485 3282 575 3325 suam
590 3260 773 3326 evacuantis
788 3262 927 3343 culpam,
938 3260 1099 3343 propriam
1113 3261 1287 3345 quaerentis
1295 3261 1439 3342 gloriam,

485 3375 519 3428 et
547 3361 580 3425 id
609 3362 777 3447 captantis,
799 3360 886 3424 unde
914 3371 1026 3444 posset
1046 3358 1228 3423 auditorum
1253 3360 1438 3427 subvertere

485 3464 632 3530 mentes?
670 3461 862 3527 Praecedunt
876 3483 953 3544 ergo
974 3461 1016 3525 ad
1035 3461 1199 3524 introitum
1216 3460 1354 3524 hominis
1373 3483 1436 3526 ser·

485 3590 596 3634 moues
620 3565 743 3643 blandi,
764 3564 924 3629 illecebrae
949 3562 1081 3627 laudum
1106 3562 1282 3626 conciliant
1303 3563 1435 3647 hospitii

485 3672 630 3756 gratiam,
645 3668 824 3735 convicium
848 3664 1029 3730 accuratius
1048 3663 1176 3727 instruit
1196 3664 1340 3728 omnium
1358 3685 1435 3749 cap·

485 3786 552 3840 tata
573 3775 736 3850 sedulitas,
758 3771 874 3836 sabula
904 3777 1082 3851 sequuntur
1103 3766 1263 3842 convivia,
1284 3767 1436 3843 venandi,

484 3877 733 3959 multiplicisque
763 3872 899 3936 luxrrriae
928 3870 1041 3933 levitas
1067 3867 1236 3932 comitatur
1264 3868 1433 3932 incestum.

485 3976 617 4039 Pariunt
645 3977 714 4037 hac
745 3971 942 4045 incendium,
973 3969 1205 4035 desolationem
1243 3970 1374 4047 civium,
1402 3983 1435 4036 et

481 4078 643 4161 perpetuat
673 4071 855 4135 hostilitatis
883 4089 1057 4154 prorogant
1084 4092 1211 4136 causas.
1263 4072 1330 4135 Hic
1360 4072 1436 4136 finis

482 4176 625 4242 lmmiuoi
662 4184 694 4238 ct
729 4173 918 4237 olloemiuati
948 4174 1050 4256 regni,
1079 4171 1168 4257 quod
1204 4173 1282 4236 licet
1310 4174 1433 4237 virtutis

480 4278 627 4344 habuerit
648 4275 902 4355 fundamentum,
921 4275 1172 4340 succedentibus
1193 4275 1354 4359 prosperis
1372 4275 1432 4337 mi·

482 4382 567 4446 rriruo
589 4381 694 4464 potuit
718 4376 859 4442 iuvenire
879 4397 1076 4461 processum.
1122 4375 1249 4440 leviter
1270 4375 1432 4441 admissus
