3867 5467
640 746 681 804 89
897 750 1033 799 scaurus
1049 749 1330 799 saeunssrsusrs
1438 737 1524 817 [un.
1540 754 1594 800 ur.

641 928 705 991 quo
727 927 834 983 sensu,
850 906 897 968 vel
921 903 961 966 ad
985 924 1081 987 quem
1104 925 1231 967 sensum
1255 903 1344 985 fiant,
1366 904 1476 969 fidelis
1499 909 1595 971 lector

640 1007 792 1072 attendes.
836 1007 890 1070 Sic
907 1006 991 1068 enim
1010 1005 1106 1086 nugis
1122 1006 1204 1068 serie
1218 1006 1455 1083 immiscentur,
1471 1020 1506 1073 et
1520 1008 1595 1071 falsa

641 1108 733 1179 veris,
748 1120 784 1171 ut
806 1105 846 1169 ad
869 1126 1002 1169 summes
1024 1105 1163 1168 veritatis
1185 1106 1318 1183 cultum,
1334 1107 1446 1172 omnia
1466 1129 1512 1172 ex
1526 1129 1592 1191 pro

641 1212 746 1296 posito
764 1212 945 1275 reserantur.
992 1210 1063 1273 Nec
1085 1208 1266 1287 moreat,si
1290 1230 1354 1293 qna
1375 1232 1504 1287 eorum,
1526 1233 1594 1296 que

642 1315 694 1377 hic
716 1314 908 1390 scribuntur,
922 1311 1013 1374 aliter
1031 1309 1233 1373 inveniantur
1251 1309 1339 1388 alibi,
1353 1333 1458 1395 quum
1480 1325 1514 1375 st
1533 1311 1593 1374 bis·

643 1415 732 1478 toriae
746 1415 780 1477 in
797 1413 928 1477 diversis
944 1422 1104 1494 gestorum
1124 1412 1251 1474 casibus
1271 1412 1332 1474 sibi
1352 1411 1494 1476 invicem
1511 1434 1594 1496 repe·

642 1517 763 1578 riantur
778 1513 954 1589 contrariae,
969 1514 1026 1574 sed
1041 1512 1083 1574 ad
1098 1532 1196 1574 unum
1213 1512 1360 1575 utilitatis
1375 1524 1408 1575 et
1422 1514 1596 1578 honestatis

643 1616 817 1699 proliciunt
842 1617 990 1678 fructum.
1036 1614 1120 1676 Nem
1147 1614 1325 1696 periculum
1348 1615 1415 1678 reri
1440 1616 1595 1680 statuendi

643 1716 721 1780 mihi
735 1738 801 1779 non
816 1716 918 1792 facio;
941 1715 999 1778 sed
1014 1736 1088 1799 quae
1104 1714 1190 1797 apud
1206 1715 1347 1778 diversos
1362 1727 1513 1781 auctores
1526 1718 1596 1799 legi,

644 1819 685 1883 ed
712 1819 878 1882 utilitatem
904 1817 1089 1898 legentium,
1115 1816 1183 1879 sinc
1213 1816 1334 1880 invidia
1362 1821 1597 1883 communicare

644 1918 809 2002 proposui.
842 1919 927 1980 Nam
939 1928 971 1979 et
982 1917 1166 1999 Apostolus,
1178 1938 1242 1978 non
1255 1918 1468 2001 Quaecunque
1481 1919 1598 2003 scripta

646 2033 732 2096 eunt,
755 2041 826 2083 veru
853 2031 939 2096 sunt,
962 2019 1018 2094 ait,
1041 2018 1097 2080 sed
1127 2017 1335 2102 Quocunque
1367 2020 1488 2103 scripta
1516 2036 1598 2098 sunt,

646 2119 687 2182 ad
709 2133 850 2184 nostram
873 2121 1048 2184 doctrinam
1073 2119 1191 2202 scripta
1213 2129 1297 2197 sunt,
1311 2120 1389 2183 licet
1411 2121 1598 2186 universitas

646 2242 766 2299 eorum,
782 2221 821 2284 de
838 2222 955 2303 quibus
969 2220 1121 2302 loquitur,
1136 2219 1177 2282 ad
1197 2220 1254 2282 illa
1272 2220 1341 2282 sola
1359 2222 1463 2302 possit
1478 2223 1598 2301 arctari,

647 2342 719 2401 quse
745 2321 776 2382 in
804 2322 874 2402 lege
899 2319 1019 2401 scripta
1041 2332 1115 2382 sunt
1138 2326 1171 2382 et
1195 2319 1374 2402 prophetis,
1396 2318 1437 2384 de
1467 2342 1598 2404 quorum

648 2420 777 2484 veritate
798 2442 892 2484 nemo
915 2420 1060 2501 ambigit,
1083 2422 1145 2484 nisi
1168 2422 1223 2503 qui
1246 2420 1324 2484 fidei
1346 2422 1517 2487 catholicae
1538 2443 1598 2486 non

648 2520 832 2586 concordat.
860 2520 1017 2597 Quaedam
1028 2542 1102 2584 vero
1114 2542 1185 2603 quae
1199 2522 1233 2584 in
1248 2521 1338 2585 libris
1353 2532 1521 2588 auctorum
1537 2545 1598 2588 non

649 2624 812 2709 reperi‚cx
820 2644 880 2688 usu
891 2622 1079 2708 quotidiano
1088 2636 1233 2686 etrerum
1243 2624 1552 2708 experientis,quasi
1562 2624 1599 2689 de

649 2726 786 2808 quedam
796 2748 918 2790 morum
928 2725 1063 2788 historia
1071 2725 1228 2808 excerpsi.
1260 2725 1295 2788 si
1307 2745 1373 2807 que
1386 2747 1462 2790 vcro
1478 2727 1520 2790 etl
1534 2748 1599 2810 gra·

650 2828 745 2888 rioris
761 2826 979 2907 Philosophiae
997 2824 1259 2887 exercitationem
1276 2826 1424 2889 ridentur
1439 2827 1601 2905 accedere,

650 2923 907 2987 academicorum
922 2945 1010 2985 more
1027 2924 1241 3005 investigandi
1256 2927 1362 2990 animo
1377 2928 1600 3012 potiusquam

650 3023 829 3108 pervicacia
858 3023 1086 3102 contendendi,
1112 3026 1158 3088 sic
1188 3038 1313 3091 constet
1337 3048 1407 3091 esse
1430 3031 1601 3113 proposita,

651 3133 686 3187 ut
702 3123 735 3185 in
750 3123 985 3187 examinatione
1008 3124 1083 3202 veri,
1097 3146 1190 3188 suum
1213 3126 1329 3210 cuique
1346 3126 1511 3210 judicium
1526 3130 1601 3192 libe·

651 3244 719 3285 rum
756 3235 941 3301 reservetur,
970 3236 1002 3286 et
1035 3223 1159 3286 inutilis
1194 3225 1402 3289 scribentium
1439 3244 1604 3295 censeatur
1631 3241 1635 3252 '

651 3322 1373 3407 auctoritas,ubisententiapotiorrefragatur.
1400 3327 1603 3413 Propositum

652 3434 758 3488 tamen
781 3434 839 3500 est,
858 3423 892 3486 in
913 3424 965 3487 his
988 3425 1149 3508 praecipue
1171 3426 1300 3503 versari,
1321 3427 1408 3491 unde
1428 3430 1604 3511 perniciem

652 3547 738 3591 error
758 3547 823 3589 non
846 3526 1016 3601 contrahit,
1031 3534 1064 3589 et
1083 3525 1124 3589 ad
1146 3526 1275 3589 illorum
1290 3527 1511 3593 definitionem
1525 3552 1602 3615 prae

653 3629 834 3714 sumptione
857 3629 1022 3693 temeraria
1047 3648 1111 3690 non
1139 3639 1315 3709 assurgeret
1338 3628 1372 3692 in
1397 3629 1516 3713 quibus
1538 3634 1605 3697 siue

653 3731 795 3811 periculo
810 3751 874 3792 non
890 3741 1018 3792 erretur.
1063 3729 1168 3790 Nemo
1183 3731 1289 3791 autem
1301 3728 1334 3790 in
1350 3728 1499 3812 injuriam
1514 3752 1603 3796 suam

653 3838 778 3906 reputet
792 3828 957 3908 quippiam
974 3826 1051 3903 dici,
1066 3848 1163 3908 quum
1184 3828 1275 3891 nulle
1295 3828 1336 3890 sit
1356 3827 1520 3912 derogatio
1535 3853 1604 3916 per·

652 3944 812 3999 sonarum,
833 3924 890 3985 sod
912 3924 1134 4004 fugiendorum
1158 3928 1227 3991 sola
1253 3930 1422 3992 concussio
1447 3932 1604 3996 vitiorum.

653 4025 693 4086 In
719 4041 783 4104 quo
808 4020 937 4104 quidem
961 4044 1012 4086 me
1037 4026 1215 4107 praestitum
1241 4029 1285 4091 irc
1310 4031 1513 4114 obsequium,
1539 4043 1605 4096 tam

652 4121 754 4198 malis,
776 4140 870 4204 quem
893 4120 988 4185 bonis
1009 4124 1154 4202 arbitror,
1175 4126 1252 4189 dum
1278 4128 1311 4189 in
1336 4128 1388 4191 his
1411 4133 1606 4213 approbatur

654 4223 740 4308 quod
763 4222 895 4301 faciunt,
920 4233 954 4286 ct
978 4225 1012 4287 bi
1037 4228 1155 4290 notatis
1180 4228 1265 4291 vitiis
1292 4230 1418 4311 possint
1439 4232 1607 4315 proficere,

653 4337 688 4391 ut
702 4325 889 4409 probentur.
935 4324 999 4388 Sed
1014 4326 1085 4390 haec
1104 4326 1269 4393 hactenus.
1314 4330 1381 4394 Cur
1402 4341 1509 4397 autem
1532 4353 1605 4398 eca-
