3867 5467
478 786 517 847 10
733 801 870 849 tosnrus
886 801 1164 849 saassaaarsusrs
1283 787 1367 867 [tra.
1383 807 1433 851 vr.

353 941 362 991 ·'
466 954 623 1044 liberent.
667 952 705 1016 ln
722 956 871 1019 trecentis
885 956 992 1040 itaque
1009 955 1083 1018 viris
1099 956 1182 1019 sacta
1201 967 1249 1020 est
1266 957 1431 1053 bibentio

476 1054 599 1138 populi,
614 1054 724 1118 hostes
738 1056 824 1133 caesi,
840 1055 990 1138 captivati
1011 1076 1111 1136 reges,
1126 1067 1159 1118 et
1179 1056 1338 1121 interfecti
1359 1078 1431 1121 non

475 1166 541 1217 tam
569 1154 691 1218 militias
718 1176 814 1237 quam
845 1156 975 1218 malitiae
1004 1155 1180 1238 principes,
1206 1159 1429 1240 percussitque

476 1257 593 1332 Zebee,
607 1266 640 1319 et
662 1257 813 1320 Selmena
833 1257 866 1319 in
890 1277 944 1319 ore
967 1257 1076 1338 gladii,
1093 1270 1125 1318 et
1147 1257 1220 1321 tulit
1239 1269 1431 1321 ornamenta

474 1368 507 1421 et
528 1357 644 1431 bullas,
660 1358 778 1441 quibus
793 1357 875 1422 colla
896 1357 1049 1438 regalium
1071 1358 1263 1420 camelorum
1283 1356 1429 1422 decorari

474 1462 589 1537 solent,
611 1471 797 1522 ornamenta
819 1480 959 1543 quoque,
982 1458 1124 1533 monilia,
1149 1468 1181 1522 et
1204 1469 1325 1522 vestem
1350 1479 1426 1542 pur·

472 1580 615 1646 pureum,
631 1560 749 1643 quibus
770 1581 860 1640 reges
881 1559 1016 1623 Madian
1032 1559 1078 1622 uti
1093 1571 1333 1637 consueverant,
1349 1559 1429 1623 sibi·

476 1682 539 1743 que
554 1659 594 1722 de
610 1668 699 1721 tanta
713 1658 822 1741 praeda
838 1660 924 1721 solas
944 1659 1072 1723 inaures
1087 1680 1200 1724 aureas
1217 1660 1427 1724 Hismaelita·

474 1778 544 1822 rum
565 1758 745 1833 reservavit,
760 1759 883 1821 caeteris
898 1779 941 1821 ex
961 1759 1085 1822 ratione
1101 1761 1223 1842 populo
1239 1758 1426 1823 distributis.

474 1858 562 1923 Vicit
583 1877 659 1939 ergo
679 1857 927 1921 innumerabiles
948 1857 1087 1921 hostium
1103 1860 1225 1942 copias,
1238 1858 1428 1942 inexpedita

473 1960 632 2042 paucitate
643 1958 780 2021 virorum
797 1957 936 2036 fortium,
946 1979 1029 2042 quos
1043 1980 1107 2021 non
1124 1959 1218 2024 facile
1233 1958 1427 2023 crediderim

473 2060 506 2123 in
522 2059 647 2122 deliciis
662 2060 788 2122 urbium
804 2071 859 2122 aut
869 2060 1030 2142 regalibus
1045 2060 1149 2143 epulis
1160 2059 1425 2145 quotidianisque

474 2160 629 2224 conviviis
654 2158 807 2222 didicisse
834 2169 870 2222 ut
893 2181 1012 2243 aquam
1041 2160 1229 2239 lamberent,
1256 2161 1342 2224 unde
1369 2183 1426 2225 eos

474 2262 622 2325 dominus
649 2281 714 2345 prae
739 2260 863 2323 caeteris
886 2260 1013 2323 censuit
1035 2260 1213 2343 eligendos.
1258 2263 1294 2326 Si
1317 2272 1426 2326 tomen

472 2363 632 2427 interdum
658 2362 831 2425 necessitas
856 2362 969 2443 exigit,
993 2362 1132 2425 urbanos
1159 2363 1425 2447 delicatioresque

472 2467 514 2531 ad
540 2485 628 2529 arma
652 2464 815 2547 compelli,
838 2485 881 2527 ex
908 2484 975 2547 quo
1000 2465 1137 2545 primum
1164 2486 1280 2529 nomen
1307 2465 1425 2528 dedere

472 2566 605 2646 militiae,
619 2563 775 2641 laborare,
785 2562 963 2639 decurrere,
979 2575 1105 2646 portare
1121 2565 1260 2648 pondus,
1272 2577 1305 2629 et
1324 2567 1425 2629 solem

471 2668 698 2753 pulveremque
717 2664 797 2727 ferre
818 2661 1018 2742 condiscant,
1033 2683 1131 2743 parco
1146 2665 1233 2728 victu
1247 2674 1379 2727 utantur
1392 2674 1425 2728 et

470 2765 598 2829 rustico.
644 2761 807 2826 Interdum
823 2762 882 2824 sub
899 2759 984 2838 divo,
999 2759 1160 2823 interdurn
1175 2762 1234 2823 sub
1250 2762 1422 2845 papilioni-

471 2870 533 2931 bus
548 2873 793 2939 commorentur,
808 2875 885 2926 tunc
908 2861 1037 2925 demum
1060 2861 1102 2924 ad
1125 2884 1215 2925 usum
1239 2863 1424 2927 erudiantur

471 2986 640 3031 armorum.
685 2964 739 3039 Et,
762 2963 788 3024 si
810 2962 937 3040 longior
958 2961 1125 3045 expeditio
1147 2964 1292 3044 emergit,
1309 2965 1342 3027 in
1366 2985 1423 3027 an-

471 3066 566 3149 gariis
587 3063 759 3148 plurimum
780 3061 945 3124 detinendi
967 3074 1060 3126 sunt:
1083 3066 1258 3148 proculque
1280 3064 1423 3128 habendi

471 3171 512 3232 ab
524 3166 683 3231 illecebris
697 3163 845 3241 civitatis,
855 3174 890 3226 ut
901 3185 939 3226 eo
954 3164 1096 3227 modoet
1111 3166 1297 3249 corporibus
1311 3187 1421 3229 eorum

469 3268 566 3331 robur
580 3263 725 3340 accedat,
740 3275 774 3327 et
792 3263 916 3326 animis.
961 3265 1032 3327 Nec
1048 3262 1258 3328 inficiandum
1274 3276 1333 3344 est,
1347 3278 1423 3348 post

469 3369 579 3433 urbem
597 3365 759 3430 conditam
774 3367 939 3428 Romanos
954 3385 997 3428 ex
1013 3366 1140 3429 civitate
1156 3387 1282 3449 semper
1296 3366 1422 3450 proiec-

470 3486 520 3535 tos
543 3490 613 3533 esse
636 3467 677 3532 ad
699 3468 837 3530 bellum:
869 3466 925 3529 sed
945 3480 1022 3531 tunc
1044 3468 1141 3531 nullis
1164 3467 1288 3530 deliciis
1309 3467 1422 3549 funge-

468 3576 595 3650 bantur,
619 3569 767 3634 sudorem
796 3590 891 3633 cursu
917 3580 949 3631 et
975 3568 1146 3650 campestri
1172 3569 1325 3632 exercitio
1352 3570 1421 3632 col-

467 3678 597 3754 lectum,
626 3671 725 3736 nendi
755 3692 815 3735 usu
846 3671 1000 3755 juventus
1036 3671 1187 3734 abluebat
1221 3671 1255 3735 in
1286 3671 1419 3753 Tyberi.

467 3778 559 3844 Idem
574 3778 719 3854 bellator,
732 3775 881 3858 idemque
897 3772 1056 3855 agricola;
1079 3772 1136 3835 sed
1157 3792 1276 3853 genera
1292 3782 1419 3835 tantum

468 3878 685 3944 commutabat
699 3896 866 3938 armorum.
908 3873 1005 3944 Quod
1021 3893 1123 3955 usque
1138 3872 1220 3935 adeo
1235 3893 1345 3934 verum
1360 3884 1420 3949 est,

467 3988 504 4042 ut
519 3976 620 4039 aranti
631 3974 763 4045 Quintio
775 3972 967 4036 Cincinnato
984 3971 1173 4034 dictaturam
1189 3983 1315 4034 constet
1329 3972 1417 4035 obla-

469 4091 531 4144 tam

534 4122 544 4156 ²
570 4184 655 4247 Quem
667 4180 768 4251 trepida
779 4184 840 4232 ante
852 4180 932 4233 boves
943 4180 1098 4233 dictaturam
1110 4181 1196 4233 induit
1207 4195 1282 4245 uxor,

571 4270 608 4321 Et
619 4284 666 4320 sua
677 4272 762 4318 aratra
773 4266 877 4318 domum
889 4265 963 4318 lictor
975 4265 1044 4319 tulit.

465 4398 520 4462 Ex
540 4390 622 4475 agris
638 4409 711 4471 ergo
726 4390 821 4452 robur
836 4388 997 4453 exercitus
1017 4391 1178 4473 precipue
1197 4390 1416 4474 supplendum
