3867 5467
595 773 634 836 18
865 785 1002 833 rosamo
1017 784 1294 831 ssaasnaamrsrs
1401 768 1486 850 [urs.
1503 788 1552 834 vr.

594 942 654 1006 etsi
669 960 732 1003 non
750 958 842 1024 arque
857 950 964 1018 notus,
979 951 1087 1002 tamen
1103 939 1303 1002 accessibilis
1318 947 1377 1003 est
1422 942 1552 1027 Utique

595 1055 683 1108 tutus
697 1052 747 1105 est
761 1041 818 1118 illi,
834 1040 909 1124 quia
923 1041 1017 1103 miles
1038 1062 1128 1102 meus
1143 1061 1208 1103 nou
1223 1040 1255 1102 in
1278 1041 1406 1124 propria
1421 1042 1552 1119 virtute,

596 1143 651 1206 sed
667 1143 702 1206 in
717 1140 865 1225 praesidio
880 1140 1015 1203 confidit
1029 1161 1196 1203 armorum.
1242 1141 1417 1221 Anglorum
1433 1161 1551 1205 reeens

596 1255 703 1307 narrat
717 1242 860 1317 historia,
872 1240 956 1325 quod
968 1262 1067 1323 quum
1083 1242 1244 1317 Britones,
1259 1239 1434 1325 irruptione
1450 1242 1548 1318 lacte,

597 1344 745 1425 Angliam
760 1342 1041 1425 depopularentur,
1052 1364 1072 1403 a
1082 1341 1227 1424 piissimo
1242 1362 1315 1422 rege
1328 1341 1491 1404 Eduardo
1506 1342 1549 1405 ed

597 1468 652 1509 eos
663 1441 897 1528 expugnandos
909 1442 1024 1504 missus
1036 1456 1083 1504 est
1094 1441 1162 1503 dux
1176 1442 1348 1518 Haraldus,
1359 1443 1405 1505 sir
1416 1442 1548 1525 quidem

597 1547 691 1611 armis
707 1561 863 1621 strenuus,
878 1556 910 1607 et
923 1544 1133 1606 laudabilium
1149 1565 1280 1627 operum
1302 1544 1428 1625 fulgens
1450 1545 1551 1626 insig-

596 1649 703 1725 nibus,
722 1658 754 1711 et
776 1648 830 1730 qui
852 1659 916 1708 tam
936 1666 1038 1723 suam,
1058 1667 1154 1729 quam
1177 1667 1303 1708 suorum
1328 1657 1438 1729 posset
1460 1648 1549 1731 apud

597 1759 741 1833 posteros
761 1746 892 1827 gloriam
909 1744 1052 1819 dilatare,
1068 1745 1127 1808 nisi
1151 1747 1333 1809 meritorum
1356 1747 1479 1823 titulos,
1494 1769 1550 1811 ne·

599 1849 731 1934 quitiam
761 1845 862 1930 patris
891 1846 1030 1923 imitans,
1059 1848 1182 1929 perfide
1214 1859 1410 1931 praesumpto
1437 1869 1552 1931 regno,

599 1951 805 2015 decoloraret.
838 1949 944 2020 Quum
957 1967 1033 2028 ergo
1044 1950 1147 2030 gentis
1159 1960 1366 2028 cognosceret
1377 1950 1552 2028 levitatem,

601 2053 692 2137 quasi
706 2050 776 2135 pari
792 2049 965 2113 certamine
978 2050 1123 2113 militiam
1136 2050 1258 2131 eligens
1269 2048 1462 2133 expeditam,
1474 2073 1551 2115 cum

598 2155 645 2218 eis
662 2153 788 2217 censuit
810 2150 1093 2233 congrediendum,
1108 2152 1210 2214 leram
1233 2172 1389 2214 exercens
1411 2169 1550 2216 armetu-

598 2276 675 2333 ram,
690 2264 877 2337 perornatus
897 2254 1061 2331 incedens,
1077 2254 1186 2316 fasciis
1207 2267 1333 2337 pectus,
1348 2266 1380 2317 et
1400 2254 1551 2336 praeduro

599 2367 703 2420 tectus
718 2355 816 2430 corio,
832 2355 1131 2418 missilibuseorum
1147 2356 1217 2418 leva
1232 2354 1401 2439 objectans
1422 2357 1552 2435 ancilia,

599 2455 679 2518 etin
695 2474 751 2516 eos
766 2465 982 2534 contorquens
996 2475 1081 2518 uunc
1102 2454 1238 2537 spicula,
1253 2476 1339 2518 nunc
1361 2475 1550 2520 mucronem

599 2575 765 2630 exercens,
779 2554 825 2617 sic
849 2552 1036 2634 fugientium
1054 2555 1195 2635 vestigiis
1217 2556 1405 2633 inhaerebat,
1420 2569 1457 2620 ut
1478 2577 1549 2640 prc-

601 2668 740 2721 meretur

815 2751 993 2805 ——Pede
1004 2769 1060 2825 pes,
1073 2759 1100 2806 et
1111 2754 1220 2823 cuspide
1232 2756 1329 2825 cuspis,

598 2887 631 2939 et
652 2876 749 2938 umbo
772 2874 909 2934 umbone
933 2873 1143 2952 repelleretur.
1191 2873 1323 2936 Nivium
1349 2874 1457 2959 itaque
1479 2877 1547 2939 eol·

597 2978 662 3039 lem
682 2976 855 3054 ingressus,
869 2970 1002 3032 vastarit
1023 2971 1139 3049 omnia,
1156 2988 1189 3036 et
1211 2974 1418 3057 expeditione
1440 2976 1473 3038 in
1497 2978 1549 3039 bi·

599 3075 728 3138 ennium
745 3081 923 3156 prorogata,
937 3090 1030 3150 reges
1045 3073 1142 3154 cepit,
1157 3085 1190 3136 et
1212 3074 1318 3156 capita
1340 3097 1450 3139 eorum
1473 3079 1552 3159 regi,

599 3175 656 3260 qui
664 3195 737 3237 eum
748 3172 1145 3253 miserat‚praesentarit‚et
1154 3193 1255 3256 usque
1265 3173 1306 3236 ad
1316 3176 1549 3241 miserationem

597 3275 797 3359 parvulorum
823 3292 950 3334 omnem
980 3274 1170 3349 masculum,
1198 3276 1254 3358 qui
1279 3275 1416 3338 inveniri
1445 3281 1551 3359 potuit

597 3376 807 3451 interficiens,
818 3374 851 3436 in
864 3394 918 3436 ore
934 3373 1032 3455 gladii
1044 3377 1171 3457 pacarit
1182 3379 1390 3460 provinciam,
1401 3391 1434 3443 ct
1445 3376 1550 3461 legem

599 3478 710 3542 statuit
720 3489 755 3539 ut
767 3475 951 3560 quicunque
969 3476 1134 3539 Britonum
1147 3478 1266 3541 exinde
1279 3480 1356 3543 citra
1367 3481 1550 3559 terminum,

599 3602 694 3667 quam
715 3580 762 3644 eis
780 3581 986 3662 praescripsit,
1001 3580 1119 3643 fossam
1142 3584 1266 3648 scilicet
1280 3585 1372 3662 offa,
1387 3606 1461 3649 cum
1486 3588 1551 3649 telo

597 3683 802 3759 inveniretur,
828 3680 857 3745 ei
885 3682 926 3743 ab
955 3682 1148 3745 officialibus
1178 3685 1266 3764 regni
1292 3706 1406 3748 manus
1436 3685 1550 3750 dextra

597 3787 832 3871 praecideretur.
878 3785 1033 3869 Adeoque
1048 3784 1162 3848 virtute
1182 3785 1275 3849 ducis
1297 3799 1374 3850 tunc
1399 3789 1549 3852 Britones

599 3888 739 3952 conlecti
755 3900 840 3961 sunt,
855 3895 891 3948 ut
910 3887 974 3948 sere
997 3908 1076 3967 gens
1092 3898 1158 3950 tota
1179 3887 1316 3951 deficere
1333 3889 1501 3960 videretur,
1517 3899 1550 3952 ct

598 4007 641 4049 ex
656 3986 855 4065 indulgentia
871 3986 939 4067 jam
957 3985 1034 4047 dicti
1058 3988 1141 4068 regis
1163 3991 1312 4053 mulieres
1335 4013 1444 4055 eorum
1467 4012 1550 4075 nup·

599 4098 708 4150 serunt
722 4086 844 4165 Anglis.
884 4084 1025 4148 Videsne
1038 4102 1191 4171 quantum
1207 4092 1321 4155 electio
1337 4093 1429 4157 ducis
1444 4107 1476 4157 et
1490 4114 1550 4157 cx·

600 4188 744 4253 arcitium
755 4185 945 4270 juventutis,
961 4189 1085 4253 militiae
1100 4194 1287 4258 conserant?
