3867 5467
589 771 650 833 100
844 784 981 828 tonnam
997 781 1272 827 sauasxamaxsrs
1385 764 1471 845 [un.
1488 784 1547 829 vn.

582 938 759 1022 jussuum,
775 947 811 998 ut
827 957 846 996 a
861 932 1054 1020 possessione
1075 932 1161 997 illius
1176 931 1323 996 videatur
1342 955 1456 997 omnes
1469 933 1548 998 alios

587 1034 767 1100 exclusisse.
814 1035 867 1097 Ita
890 1047 995 1097 tamen
1019 1033 1051 1095 iu
1078 1033 1150 1097 aliis
1175 1032 1289 1117 viguit,
1314 1045 1350 1096 ut
1375 1055 1546 1097 commuue

588 1160 701 1201 nomen
718 1132 860 1201 omnium
882 1133 1155 1221 philosophorum,
1172 1133 1417 1213 antonomasice,
1433 1133 1466 1199 id
1487 1146 1546 1215 est,

587 1239 779 1303 excellenter
794 1236 853 1302 sibi
874 1235 1039 1322 proprium
1061 1258 1127 1298 esse
1143 1236 1303 1298 meruerit.
1350 1234 1443 1301 Sicut
1462 1236 1544 1300 enim

589 1342 667 1405 urbs
690 1346 833 1421 Romam,
850 1344 1014 1404 Maronem
1031 1340 1129 1401 Poeta
1149 1337 1309 1424 exprimit,
1323 1336 1370 1400 sic
1389 1352 1422 1401 et
1444 1338 1545 1423 philo·

587 1444 680 1529 sophi
696 1464 810 1508 nornen
832 1444 913 1505 circa
929 1437 1130 1503 Aristotelem
1152 1439 1310 1502 utentium
1332 1437 1453 1523 placito
1472 1461 1544 1503 con·

588 1557 725 1607 tractum
739 1556 795 1605 est.
821 1541 897 1603 Fuit
909 1553 1015 1602 autem
1028 1538 1186 1601 facundus
1197 1536 1336 1622 eloquio,
1349 1538 1403 1601 sed
1419 1538 1544 1602 uberior

588 1645 744 1721 sensibus,
759 1656 789 1705 et
812 1641 924 1704 doctus
944 1640 1085 1703 omnium
1110 1640 1273 1703 sententiis
1296 1640 1437 1705 obviare.
1484 1638 1544 1703 Hic

587 1758 635 1808 est
659 1745 714 1829 qui
739 1744 861 1829 primus
887 1741 1065 1806 studiorum
1092 1763 1218 1824 genera,
1240 1741 1271 1803 in
1296 1740 1490 1806 acroaticum
1514 1755 1544 1806 et

588 1846 783 1910 exotericum
803 1843 921 1907 dicitur
941 1842 1133 1906 distinxisse.
1173 1846 1255 1906 Nam
1271 1856 1302 1906 et
1324 1841 1499 1907 familiares
1513 1856 1544 1907 ct

587 1946 679 2031 quasi
692 1945 854 2010 domestici
866 1944 1118 2009 admittebantur
1133 1944 1164 2007 in
1177 1945 1342 2008 acroatica.
1374 1945 1546 2009 Exoterica

588 2070 663 2110 vero
678 2069 740 2110 non
756 2046 850 2109 modo
866 2049 1035 2123 extraneis,
1050 2045 1104 2108 sed
1124 2045 1315 2131 hospitibus,
1331 2047 1498 2131 patebant,
1512 2059 1543 2110 et

587 2148 774 2235 peregrinis.
813 2149 958 2210 Fuerunt
976 2147 1030 2233 qui
1046 2170 1118 2211 eum
1139 2149 1254 2212 lncubi
1271 2148 1426 2213 daemonis
1442 2151 1541 2214 filium

586 2251 761 2331 crederent,
785 2263 916 2336 propter
939 2250 1114 2331 agilitatem
1141 2252 1294 2335 corporis,
1316 2254 1543 2337 perspicaciam

586 2353 717 2437 ingenii,
728 2365 760 2415 et
771 2351 881 2437 gloriae
893 2351 1083 2437 appetitum,
1094 2374 1191 2436 quam
1204 2351 1375 2438 multiplici
1386 2352 1545 2419 industria

586 2453 734 2518 omnibus
750 2453 920 2538 praeripere
935 2465 1151 2517 consueverat.
1177 2454 1331 2518 Testatur
1346 2452 1388 2517 de
1401 2477 1442 2518 eo
1453 2454 1544 2520 Vale·

587 2556 653 2619 rius
670 2556 846 2628 Maximus,
862 2554 939 2640 quia
955 2576 1113 2639 supremae
1133 2554 1207 2617 vitae
1222 2554 1371 2635 reliquias
1391 2556 1544 2621 senilibus

585 2680 623 2721 ac
638 2659 762 2742 rugosis
773 2655 923 2721 membris
934 2658 965 2719 in
983 2676 1106 2717 summo
1118 2653 1281 2719 literarum
1293 2659 1361 2721 otio
1373 2657 1429 2721 vix
1441 2672 1545 2723 custo-

586 2760 687 2841 diens,
698 2761 777 2824 adeo
789 2762 929 2822 valenter
944 2780 1004 2842 pro
1016 2755 1117 2820 salute
1130 2758 1242 2841 patriae
1253 2759 1412 2840 incubuit,
1422 2773 1461 2826 ut
1477 2784 1544 2825 eam

571 2832 627 2925 ‘ab
650 2863 819 2925 hostilibus
842 2860 937 2923 armis
961 2858 1029 2922 solo
1054 2873 1226 2944 aequatam,
1249 2860 1280 2922 in
1304 2859 1423 2925 lectulo
1445 2862 1542 2927 Athe·

586 2962 684 3026 niensi
696 2964 816 3046 jacens,
831 2958 1044 3022 Macedonum
1057 2959 1097 3022 de
1114 2959 1273 3040 manibus,
1284 2962 1405 3046 quibus
1418 2962 1545 3049 objecta

584 3074 665 3135 erat,
688 3063 832 3146 eriperet.
880 3061 932 3123 Ita
958 3059 1038 3122 urbe
1064 3072 1165 3124 strata
1186 3074 1284 3145 atque
1308 3083 1430 3139 eversa,
1450 3062 1545 3127 Alex·

586 3162 744 3248 andrique
771 3160 985 3226 familiaritate
1011 3185 1077 3247 qua
1101 3162 1250 3227 restituta
1275 3176 1334 3237 est,
1361 3164 1544 3231 Aristotelis

586 3282 698 3332 notum
714 3278 761 3327 est
776 3285 867 3348 opus.
906 3264 999 3327 Licet
1015 3278 1121 3327 autem
1143 3264 1305 3329 nominum
1322 3278 1356 3331 et
1371 3267 1542 3332 verborum

586 3364 733 3429 turbator
751 3365 918 3443 habeatur,
933 3386 995 3428 non
1012 3364 1107 3428 modo
1130 3366 1320 3444 subtilitate,
1337 3389 1401 3450 qua
1422 3368 1545 3433 eunctis

586 3464 719 3529 celebris
734 3478 791 3545 est,
804 3464 856 3529 sed
873 3477 905 3528 et
920 3463 1001 3528 mira
1012 3464 1167 3529 suavitate
1183 3466 1308 3529 dicendi
1322 3467 1456 3547 evaluit,
1466 3470 1545 3535 adeo

584 3568 729 3656 quidem,
747 3582 781 3631 ut
800 3567 926 3632 Platoni
949 3567 1063 3630 merito
1085 3568 1251 3650 proximus
1271 3569 1370 3633 fuisse
1386 3569 1543 3635 videatur.

587 3674 673 3737 Eum
686 3670 789 3736 laudis
801 3671 898 3735 fuisse
909 3668 1140 3746 avidissimum,
1149 3670 1198 3731 sel
1209 3692 1249 3732 ax
1261 3692 1299 3732 eo
1309 3684 1446 3750 constat,
1457 3671 1545 3758 quod

587 3798 688 3859 quum
705 3774 880 3839 Theodocti
897 3770 1055 3857 discipulo
1071 3770 1168 3834 libros
1183 3772 1260 3834 artis
1274 3776 1422 3837 oratoria
1438 3788 1476 3839 ut
1490 3798 1544 3840 eos

586 3876 695 3935 ederet
714 3876 925 3950 concessisset,
940 3870 1070 3935 moleste
1082 3871 1185 3935 ferens
1200 3887 1320 3956 postea,
1333 3885 1459 3939 tantum
1477 3874 1544 3940 lau·

586 3973 636 4034 dis
648 3986 677 4035 et
695 3971 804 4054 gloriae
820 3972 947 4035 titulum
965 3995 998 4033 se
1013 3971 1065 4035 alii
1081 3972 1221 4044 cessisse,
1237 3973 1366 4058 proprio
1382 3959 1543 4042 volumine

587 4070 778 4156 quibusdam
807 4071 902 4134 rebus
930 4071 1088 4147 insistens,
1117 4072 1242 4157 planius
1272 4074 1331 4137 sibi
1358 4076 1400 4139 de
1430 4076 1481 4143 bis
1510 4079 1542 4143 in

587 4169 779 4237 Theodectis
792 4170 879 4235 libris
889 4170 1010 4234 dictum
1023 4172 1150 4258 adjecit.
1175 4174 1271 4239 Unde
1282 4176 1428 4242 Valerius
1437 4182 1546 4245 Maxi·

588 4296 674 4337 mus:
697 4272 768 4336 Nisi
785 4296 834 4338 me
851 4286 914 4335 tam
932 4273 1005 4337 latre
1021 4286 1052 4337 et
1070 4288 1133 4338 tam
1148 4278 1285 4361 patentis
1300 4280 1442 4343 scientiae
1457 4302 1546 4345 voro

587 4374 704 4445 cundia
726 4387 858 4452 teneret,
882 4374 1016 4439 dicerem
1040 4374 1172 4461 dignum
1197 4380 1434 4465 philosophum,
1452 4384 1547 4470 cujus
