3867 5467
505 716 563 775 146
734 728 870 774 Joaxurs
884 726 1162 773 sanmanarnusrs
1300 707 1388 793 [arn.
1406 731 1463 775 ru.

503 894 588 954 sunt,
601 880 710 965 pietati
722 878 840 943 debent
850 892 882 942 et
892 877 966 942 fidei
978 883 1167 945 consecrari.
1213 878 1381 947 Craterum
1394 880 1460 944 haec

500 981 716 1045 ambitiosiora
745 991 831 1054 suut,
861 992 893 1043 et
923 979 989 1058 rix,
1019 993 1073 1044 aut
1102 1000 1269 1065 nunquam
1300 982 1405 1066 gratis
1426 982 1456 1045 in

500 1082 638 1167 aliquem
662 1081 791 1145 cadunt.
838 1079 899 1143 Sed
916 1094 1065 1166 poterunt
1083 1081 1124 1145 de
1139 1081 1200 1158 his,
1224 1106 1302 1169 quae
1326 1084 1456 1149 suntab

500 1186 701 1248 institutione
727 1180 859 1268 Trajani
884 1182 1030 1267 superius
1059 1182 1156 1261 dicta,
1186 1183 1344 1249 sufficere.
1391 1187 1454 1249 Do·

500 1287 645 1350 mesticas
653 1285 856 1357 calamitates,
869 1296 901 1346 et
912 1282 1086 1347 thalamum
1097 1285 1261 1369 sapientiae
1270 1286 1452 1372 expositum

498 1387 756 1462 fornicatoribus,
784 1399 816 1449 et
846 1384 1017 1449 sanctuarii
1047 1386 1205 1449 interioris
1226 1409 1400 1461 recessum,
1422 1388 1452 1450 in

499 1490 709 1577 prostibulum
733 1502 963 1574 permutatum,
986 1488 1053 1550 sine
1081 1487 1201 1569 gemitu
1225 1500 1259 1553 et
1282 1488 1451 1575 lachrymis

499 1615 623 1676 nequeo
644 1590 818 1675 deplorare.
864 1586 989 1650 Dorum
1011 1610 1148 1672 namque
1169 1590 1337 1663 orationis,
1362 1613 1451 1675 nego-

500 1693 651 1765 tiationis,
685 1692 823 1754 Domino
852 1688 1054 1774 prohibente,
1077 1689 1161 1753 lacta
1183 1707 1232 1754 est
1257 1691 1399 1766 domua;
1422 1706 1450 1755 et

500 1792 653 1877 templum
680 1791 847 1855 fundatum
873 1791 903 1853 in
920 1790 1028 1876 lapide
1054 1789 1216 1877 adjutorii,
1232 1792 1263 1855 in
1291 1793 1448 1859 latronum

498 1894 677 1980 speluncam
696 1916 819 1956 versum
836 1906 894 1956 est.
940 1892 1104 1977 Siquidem
1116 1892 1247 1957 ecclesia
1261 1893 1341 1959 data
1356 1910 1404 1960 est
1419 1896 1448 1957 in

497 1995 717 2080 direptionem,
733 1994 802 2057 aliis
817 1994 933 2079 palam,
943 1994 1013 2057 aliis
1028 1993 1107 2058 clam
1120 1997 1358 2079 occupantibus
1372 2020 1448 2060 eam.

496 2100 579 2160 Nam
602 2111 633 2160 et
656 2097 725 2181 ipsa
739 2094 908 2179 occupanti
931 2096 1126 2173 conceditur,
1148 2120 1185 2158 eo
1203 2097 1288 2161 forte
1312 2098 1399 2184 quod
1416 2099 1445 2162 in

495 2198 614 2261 nullius
636 2198 727 2261 bonis
749 2210 806 2259 est.
853 2201 926 2261 Non
949 2211 998 2261 est
1017 2199 1099 2261 enim
1124 2198 1284 2278 inventus,
1300 2199 1362 2263 nisi
1378 2221 1446 2285 per·

494 2323 595 2375 rarus,
620 2300 676 2385 qui
692 2299 875 2383 accingatur
897 2299 1005 2382 gladio
1028 2321 1124 2385 super
1146 2300 1252 2363 femur
1275 2323 1385 2377 suum,
1407 2302 1446 2365 ad

495 2402 752 2487 praesumtionem
769 2400 951 2464 ambitionis
964 2400 1207 2485 reprimendam.
1233 2400 1296 2465 Illa
1308 2424 1447 2489 namque

494 2504 655 2566 machinas
669 2502 861 2586 multiplices
877 2502 982 2585 erigit,
1000 2515 1035 2565 ut
1057 2526 1125 2566 earn
1141 2518 1308 2587 expugnet
1324 2505 1446 2568 nemine

493 2604 692 2670 defendente.
738 2604 831 2667 Alius
852 2601 934 2666 eirim
958 2603 1000 2665 de
1024 2603 1188 2667 nobilitate
1210 2604 1365 2685 confisus,
1390 2620 1444 2669 aut

494 2708 615 2772 viribus
638 2721 845 2794 potestatum,
870 2705 1022 2768 violenter
1046 2706 1076 2767 in
1101 2721 1212 2769 sancta
1233 2706 1344 2783 irruit,
1367 2723 1398 2771 et
1421 2707 1445 2770 si

492 2809 574 2875 sorte
590 2812 695 2896 pulsat
711 2809 750 2871 ad
766 2810 895 2883 ostium,
915 2807 1068 2893 parietem
1089 2822 1144 2870 aut
1161 2804 1273 2869 limina
1287 2808 1445 2872 suffodere

491 2932 552 2973 non
567 2925 700 2973 veretur.
727 2911 807 2971 Nam
820 2924 851 2973 et
865 2910 1050 2973 seditionem
1063 2907 1234 2972 concitabit
1246 2911 1279 2972 in
1294 2910 1443 2995 Moysen,

491 3024 523 3073 et
535 3010 671 3073 alienum
684 3010 830 3092 ignomin
845 3010 998 3093 templum
1011 3009 1136 3086 inferet,
1147 3019 1179 3071 et
1189 3033 1263 3073 rasa
1273 3011 1444 3074 sanctuarii

489 3112 726 3174 contaminabit.
749 3111 1018 3195 Aliussperansin
1031 3110 1444 3189 multitudinedivitiarum,

490 3213 617 3274 Simone
628 3212 764 3275 ducente
776 3213 967 3295 ingreditur,
985 3235 1045 3275 non
1058 3212 1218 3276 inveniens
1231 3212 1289 3293 ibi,
1300 3214 1358 3297 qui
1369 3235 1442 3277 eum

488 3326 519 3376 ct
536 3313 700 3396 pecuniam
717 3314 928 3397 suamjubeat
944 3314 989 3375 ire
1004 3316 1035 3376 in
1049 3315 1270 3399 perditionem.
1304 3314 1400 3379 Alius
1410 3314 1442 3378 in

488 3411 671 3477 muneribus
693 3413 732 3476 ad
757 3416 887 3477 Petrum
914 3414 1100 3478 reformidat
1125 3413 1284 3494 accedere,
1299 3412 1444 3479 clanculo

487 3526 590 3575 tumen
610 3534 664 3597 per
680 3512 869 3599 impluvium
885 3513 966 3587 auri,
984 3536 1019 3575 ac
1038 3513 1062 3576 si
1084 3536 1140 3598 per
1164 3513 1290 3597 tegulas
1311 3511 1443 3599 Jupiter

485 3613 631 3679 elabatur
649 3617 679 3678 in
704 3614 858 3699 gremium
887 3615 1024 3688 Danaes,
1048 3615 1092 3677 sic
1115 3615 1144 3677 in
1169 3616 1272 3678 sinum
1297 3613 1439 3678 ecclesiae

484 3741 601 3802 procus
630 3717 792 3782 descendit
826 3717 973 3781 incestus.
1028 3716 1123 3778 Alius
1152 3714 1308 3801 obsequio
1347 3717 1439 3802 quasi

486 3818 625 3881 muneris
640 3817 778 3900 ignarus,
795 3817 903 3880 adest:
937 3817 1014 3880 acsi
1030 3816 1183 3901 obsequia
1199 3839 1258 3879 non
1276 3816 1392 3881 cedant
1407 3818 1438 3880 in

485 3919 622 3978 muneris
639 3918 800 3981 rationem.
838 3919 986 3980 Proiecto
1000 3918 1121 3981 nullum
1136 3898 1239 4003 majus
1249 3932 1297 3982 est
1310 3940 1438 3998 munus,

484 4037 580 4101 quarn
598 4037 697 4099 quum
717 4016 810 4078 horno
821 4017 959 4101 seipsum
979 4019 1112 4081 hominis
1128 4019 1261 4082 devovet
1278 4019 1436 4083 servituti.

484 4114 594 4176 Alium
614 4112 786 4176 collusione
797 4117 946 4200 ‚quadarn
965 4119 1105 4183 vocantis
1121 4119 1294 4183 liberalitas
1316 4141 1438 4203 praere·

482 4219 548 4286 nit;
580 4214 632 4277 sed
651 4213 850 4299 postmodum
867 4216 1013 4280 collatam
1030 4221 1164 4303 gratiam
1182 4243 1239 4283 suo
1255 4218 1350 4283 Giezi
1368 4219 1434 4303 ple-

482 4317 554 4380 nius
569 4316 795 4400 compensabit.
832 4316 927 4380 Alius
943 4320 1008 4403 agit
1026 4342 1064 4382 ne
1080 4322 1184 4404 ipsum
1201 4320 1328 4406 pulsare
1342 4343 1439 4406 opor·
