3867 5467
607 730 666 790 tlt
859 740 996 786 ioannis
1012 741 1289 787 ssnnsannmnsrs
1400 725 1490 802 [ιιιι.
1509 742 1570 789 ιιι.

606 894 722 960 hahent
748 915 852 970 usum,
875 906 906 956 et
929 889 1176 979 philosophandi
1208 894 1372 958 materiam
1406 896 1568 982 praebent.

606 999 729 1060 Norant
745 996 841 1068 enim,
857 1015 919 1056 non
942 993 1058 1058 docent
1075 994 1162 1072 vitia,
1177 1009 1209 1059 et
1225 1009 1282 1058 aut
1299 995 1455 1061 utilitatis
1472 1020 1567 1062 causa

604 1109 794 1181 gratarum,
807 1107 864 1158 aut
880 1095 1064 1180 voluptatis.
1100 1095 1151 1158 Sic
1167 1111 1273 1159 autem
1287 1118 1345 1181 per
1361 1121 1490 1161 morum
1504 1098 1566 1162 dis·

605 1198 736 1262 crimina
749 1210 924 1272 transeunt,
939 1210 975 1260 ut
989 1198 1100 1261 virtuti
1113 1198 1229 1263 saciant
1246 1198 1361 1262 locum.
1405 1202 1489 1265 Nam
1507 1222 1562 1288 per

606 1300 678 1371 tela.
690 1323 748 1387 per·
757 1303 856 1383 ignes,
864 1322 920 1385 per
929 1298 1025 1363 maris
1036 1300 1137 1364 varias
1147 1300 1311 1386 procellas,
1321 1323 1378 1388 per
1386 1316 1438 1367 tot
1450 1316 1563 1382 motus,

606 1403 784 1481 seditiones,
798 1417 830 1466 et
846 1400 976 1483 insidias
992 1402 1196 1488 populorum,
1214 1402 1351 1488 Scyllam
1376 1404 1559 1489 pertransiit

606 1518 638 1570 et
655 1504 865 1590 Charybdim,
879 1518 914 1568 ut
930 1504 969 1567 ad
984 1503 1118 1589 patriam
1131 1526 1220 1568 suam
1237 1508 1347 1568 saltem
1358 1505 1391 1568 in
1403 1520 1561 1570 senectute

609 1608 741 1693 Ulysses
755 1607 929 1692 repedaret.
977 1606 1084 1669 Socios
1100 1606 1196 1670 variis
1208 1606 1294 1670 exilii
1306 1607 1415 1670 aurisit
1426 1607 1560 1682 casibus,

607 1708 662 1773 scd
679 1730 732 1770 eos
746 1721 803 1772 aut
819 1709 955 1773 lurtunae
972 1706 1133 1785 violentia,
1156 1721 1212 1772 aut
1236 1722 1361 1772 naturae
1382 1708 1558 1785 infirmitas,

607 1819 663 1869 aut
676 1806 771 1868 animi
785 1806 932 1893 voluptas
944 1805 1110 1872 absumsit.
1147 1808 1273 1870 Horum
1288 1821 1394 1871 tarnen
1407 1808 1558 1881 omniun,

602 1908 747 1995 jucunda
766 1908 876 1973 relatio
897 1922 953 1973 est.
1000 1911 1084 1974 Nam
1109 1907 1156 1971 vel
1173 1909 1266 1972 amici
1286 1907 1445 1993 praevisus
1462 1932 1559 1984 casus,

605 2010 1220 2097 etsiamarnssit,proficitadcautelam.
1245 2015 1288 2076 Et
1298 2010 1559 2097 quofamiliosior

605 2112 669 2176 luit
691 2134 763 2175 cum
788 2112 914 2177 labente
937 2111 1079 2189 societas,
1100 2137 1138 2176 eo
1159 2135 1251 2177 casus
1273 2135 1439 2199 quemque
1461 2113 1560 2198 magis

605 2214 769 2278 absterret.
817 2214 982 2301 Siquidem
998 2216 1153 2299 exemplis
1168 2235 1251 2298 saepe
1266 2216 1369 2299 magis
1382 2214 1559 2299 proficitur,

607 2338 704 2400 quam
728 2316 905 2401 praeceptis.
952 2312 1042 2378 Mala
1064 2314 1148 2377 eninr
1171 2314 1315 2378 vitantur
1336 2313 1477 2394 facilius,
1497 2337 1560 2399 quo

605 2417 730 2482 fidelius
757 2416 950 2504 praecognita
980 2416 1110 2481 fuerint.
1158 2416 1233 2491 Vix,
1263 2429 1295 2480 et
1321 2417 1559 2501 quodammodo

606 2517 703 2598 olus,
711 2522 812 2583 evasit
829 2519 966 2605 Ulysses,
976 2518 1030 2582 sed
1041 2518 1080 2582 ad
1095 2515 1559 2604 philosophiaejucunditatem,

605 2632 637 2683 et
669 2620 759 2706 quasi
796 2619 941 2705 proprias
976 2616 1170 2703 voluptates,
1206 2617 1370 2702 pauciores
1406 2619 1558 2686 evadunt.

606 2722 766 2787 Consonat
800 2721 839 2798 ei,
870 2719 895 2784 si
927 2719 1081 2805 Lyricum
1112 2719 1289 2784 conticente
1318 2719 1389 2806 lyra
1417 2720 1558 2808 dignaris

603 2823 724 2903 andire,
754 2823 900 2897 Flaccus,
930 2834 986 2885 aut
1016 2820 1040 2884 si
1071 2820 1172 2884 mavis
1204 2819 1370 2898 Horatius,
1401 2826 1463 2907 qui
1485 2823 1555 2910 plur

603 2922 778 2990 honestatis
792 2937 823 2985 et
847 2922 995 2986 utilitatis
1018 2947 1050 2985 se
1065 2921 1151 3008 apud
1178 2919 1374 2985 Maeonidem
1396 2922 1555 2991 invenisse

603 3024 795 3110 gratulatur,
825 3046 921 3110 quam
948 3024 1090 3110 plurium
1120 3023 1293 3088 Stoicorum
1320 3024 1362 3089 sit
1384 3028 1553 3112 praeceptis

603 3149 799 3211 expressum.
844 3126 898 3190 Ait
913 3126 1015 3190 enim:

671 3242 780 3313 ijani
792 3241 853 3293 belli
865 3243 1025 3313 scriptorem,
1041 3242 1160 3296 Maxime
1174 3242 1251 3305 Lolli,

673 3326 743 3379 Dum
755 3333 783 3378 tu
795 3326 926 3380 declamas
940 3329 1038 3391 Romae,
1053 3328 1188 3381 Praeneste
1199 3328 1297 3397 relegi:

672 3413 727 3475 Qui
738 3413 799 3483 quid
811 3415 846 3465 sit
857 3412 999 3484 pulchrum,
1011 3414 1073 3483 quid
1084 3421 1168 3485 tirrpe,
1178 3415 1238 3484 quid
1251 3413 1325 3480 utile,
1338 3415 1401 3485 quid
1412 3435 1476 3483 uon,

674 3498 809 3552 Pulchrius
820 3505 847 3552 et
859 3498 951 3553 melius
964 3498 1111 3571 Chrysippo
1122 3506 1150 3553 ct
1163 3502 1289 3554 Crantore
1301 3500 1374 3554 dicit.

671 3585 741 3653 [Cur
752 3586 790 3638 ita
802 3586 963 3649 crediderim,
975 3587 1025 3638 nisi
1038 3587 1100 3656 quid
1112 3593 1138 3640 te
1150 3587 1258 3652 detinet,
1270 3587 1353 3657 andi]

672 3671 782 3736 Fabula,
793 3690 844 3741 qua
859 3672 961 3725 Paridis
974 3679 1077 3744 propter
1088 3681 1206 3725 narratur
1217 3689 1332 3726 amorem

671 3758 774 3813 Graecia
785 3759 911 3812 barbaries
921 3756 993 3811 lento
1004 3757 1095 3810 collisa
1105 3757 1202 3823 duello,

669 3844 811 3896 Stultorum
823 3862 915 3911 regum
928 3850 955 3896 et
966 3842 1116 3915 populorum
1128 3844 1243 3897 continet
1254 3852 1344 3899 astur.

669 3929 786 3979 Antenor
797 3928 860 3979 belli
872 3939 961 3980 censet
973 3929 1111 3999 praecidere
1123 3944 1222 3982 causae.

668 4012 737 4073 Quid
752 4012 844 4063 Paris?
865 4023 894 4064 ut
908 4012 995 4066 salvus
1007 4025 1107 4081 regnet,
1120 4017 1242 4085 vivatque
1254 4016 1356 4078 beatus,

669 4097 736 4164 Cogi
750 4115 824 4168 posse
836 4105 924 4166 negat.

667 4183 810 4246 seditione,
823 4183 897 4246 dolis,
910 4184 1016 4249 scelere,
1029 4196 1108 4256 atque
1121 4186 1237 4251 libidine,
1250 4196 1278 4239 et
1289 4189 1337 4254 ira,

669 4269 762 4322 Iliacos
774 4271 842 4322 intra
855 4288 940 4323 muros
952 4279 1073 4342 peccatur
1085 4279 1112 4325 et
1125 4281 1220 4326 extra.-

668 4356 797 4425 Quirquhl
810 4354 921 4409 delirant
932 4374 1018 4424 reges,
1031 4358 1176 4428 plectuntur
1188 4358 1291 4412 Achivi.
