3867 5467
487 761 527 818 72
735 771 871 817 tornius
885 770 1161 816 saresberiensis
1298 753 1382 833 [uu.
1397 772 1439 820 rr.
1499 800 1501 803 -

486 946 582 987 uranu
604 926 768 988 l'ortiorum
792 925 877 1006 ejus;
901 946 1049 1006 egenum,
1072 933 1103 987 et
1128 945 1301 1008 pauperem
1324 946 1346 988 a
1367 925 1439 989 diri-

486 1024 650 1109 pientibus
676 1048 759 1090 eum.
812 1027 847 1089 Si
873 1047 948 1108 ergo
974 1025 1156 1109 quisquam,
1181 1027 1372 1111 quicunque
1398 1028 1438 1089 sit

484 1130 549 1204 ille,
564 1128 698 1209 insurgit
712 1128 745 1189 in
769 1149 834 1202 eos,
850 1148 985 1211 quorum
1006 1137 1170 1211 patronus,
1185 1128 1251 1190 imo
1278 1140 1372 1211 pater
1394 1137 1442 1192 est

487 1229 643 1305 Christus,
656 1227 870 1312 proculdubio
885 1229 919 1291 in
936 1250 971 1290 se
987 1230 1094 1311 ipsum
1114 1240 1269 1311 provocat
1287 1227 1440 1312 lapidem,

486 1352 548 1413 quo
563 1330 699 1394 irruente
714 1331 910 1393 comminuta
924 1342 973 1393 est
987 1342 1100 1408 statua,
1116 1349 1212 1412 quam
1229 1328 1310 1392 vidit
1325 1330 1438 1393 Nabu-

485 1432 697 1510 chodonosor,
712 1454 784 1516 quae
799 1452 967 1513 regnorum
984 1432 1058 1494 varii
1074 1429 1254 1514 splendoris
1269 1442 1302 1494 et
1315 1432 1439 1495 roboris

481 1536 597 1598 seriem
621 1535 785 1615 figurabat.
832 1534 901 1595 Nec
924 1533 1053 1615 proficit
1066 1533 1099 1594 in
1116 1542 1236 1595 tortura
1249 1552 1438 1615 pauperum,

484 1636 695 1716 multiplicare
712 1645 794 1713 vota,
809 1648 841 1697 et
856 1636 946 1719 quasi
961 1637 1052 1699 Deus
1068 1636 1254 1699 muneribus
1276 1636 1440 1719 corrumpi

485 1746 590 1819 queat,
605 1756 677 1797 eum
700 1736 854 1798 simulatis
876 1737 993 1819 potina,
1012 1757 1106 1821 quam
1123 1738 1205 1799 reris
1226 1737 1267 1799 ab
1288 1737 1439 1820 impoeni·

484 1848 572 1900 tento
581 1837 794 1919 eleemosynis
805 1847 1073 1923 attentare,quum
1084 1838 1243 1922 sapientia
1252 1847 1439 1922 potestetnr,

486 1937 561 2021 quia
582 1938 672 2000 ruina
692 1950 741 2000 est
763 1940 886 2001 homini
905 1938 1055 2003 devorare
1076 1950 1216 2016 sanctos,
1231 1950 1263 2003 et
1277 1951 1354 2023 post
1368 1951 1440 2005 vota

484 2045 663 2100 retractare.
709 2037 754 2099 Et
782 2037 881 2101 illud:
917 2039 1043 2101 Hostiae
1072 2038 1243 2121 impiorum
1272 2038 1438 2102 abomina-

482 2138 564 2200 biles
594 2138 746 2215 Domino,
773 2139 849 2220 quia
878 2140 1052 2203 offeruntur
1080 2160 1124 2201 ex
1147 2139 1289 2202 scelere:
1324 2140 1437 2224 etqui

484 2239 577 2300 offert
604 2238 795 2302 sacrificium
826 2238 865 2302 de
894 2241 1008 2322 rapina
1029 2240 1191 2322 pauperis,
1213 2239 1307 2323 quasi
1334 2238 1438 2302 filium

483 2342 626 2403 immolat
654 2340 746 2424 patri.
792 2342 861 2404 Nec
892 2341 971 2402 mihi
1000 2341 1183 2425 imputetur,
1211 2340 1311 2404 side
1340 2361 1438 2403 mauu

484 2462 593 2504 eorum
604 2443 758 2505 fraternus
767 2442 897 2522 sanguis
905 2442 1092 2524 exquiritur,
1102 2452 1157 2505 aut
1165 2462 1298 2524 operum
1308 2462 1437 2504 snorum

484 2553 648 2625 reportant
669 2542 799 2625 praemia
819 2543 852 2604 in
875 2541 990 2605 eadem
1012 2561 1163 2604 mensura
1183 2561 1278 2624 quam
1302 2542 1364 2625 ipsi
1388 2542 1436 2605 in·

484 2646 641 2709 tulerunt:
674 2645 826 2728 quoniam
847 2663 914 2707 non
934 2662 1007 2723 ego,
1027 2641 1084 2706 sed
1099 2642 1282 2705 Altissimus
1303 2640 1383 2706 dicit
1405 2655 1436 2707 et

483 2748 559 2810 facit
572 2747 642 2810 haec
658 2748 774 2810 omnia.
821 2746 893 2827 Ego
914 2743 1042 2828 quidem
1060 2765 1125 2807 non
1149 2754 1271 2807 tantum
1287 2743 1384 2808 bonis
1405 2756 1437 2808 et

482 2848 646 2923 modestis,
668 2848 724 2910 sed
745 2849 839 2911 etiam
860 2847 1002 2929 dyscolis
1021 2846 1156 2908 arbitror
1177 2844 1380 2909 serviendum
1401 2846 1434 2910 in

483 2950 570 3010 omni
592 2948 770 3009 humilitate
793 2957 825 3007 et
847 2941 1035 3022 reverentia,
1055 2943 1193 3007 fideliter
1215 2955 1321 3007 tamen
1344 2955 1378 3009 ot
1399 2945 1433 3007 iu

482 3049 570 3113 cultu
601 3045 767 3128 potestatis
791 3047 897 3108 Deum
920 3044 1144 3121 venerandum,
1170 3066 1189 3109 a
1214 3066 1280 3129 quo
1308 3056 1359 3110 est
1386 3045 1434 3109 in·

481 3150 599 3212 stituta.
656 3145 752 3210 Unde
782 3161 814 3210 et
843 3147 973 3209 Hebraei
1002 3147 1230 3231 precipiantur
1259 3167 1348 3211 orare
1376 3167 1435 3230 pro

482 3247 680 3330 Babyloniis,
695 3248 772 3330 quia
786 3247 819 3310 in
840 3268 922 3330 pace
936 3248 1131 3331 principum,
1146 3248 1238 3328 quies
1261 3257 1311 3311 est
1332 3268 1436 3332 popu·

482 3351 594 3423 lorum,
618 3359 650 3410 et
679 3347 824 3411 Christus
852 3348 923 3430 ipse
949 3348 1068 3412 Caesari
1100 3348 1220 3411 tributa
1242 3369 1261 3411 a
1282 3346 1434 3411 fidelibus

482 3450 608 3514 censuit
623 3468 694 3513 csse
717 3449 879 3512 solvenda.
925 3449 1042 3512 Omnia
1056 3459 1161 3512 tamen
1183 3446 1333 3532 pervertit
1347 3449 1436 3513 Gna·

483 3554 549 3625 tho,
572 3564 605 3616 et
627 3574 666 3615 eo
691 3551 803 3634 judice
828 3552 893 3615 veri
916 3551 1084 3635 professio,
1107 3550 1285 3634 majestatis
1310 3550 1435 3613 crimini

482 3667 676 3739 coaequatur,
699 3641 816 3736 dignus
840 3654 936 3737 plane
959 3652 1011 3716 cui
1035 3653 1181 3714 alumnus
1204 3651 1378 3734 Apollinis,
1400 3652 1434 3715 id

482 3769 541 3835 est,
552 3757 718 3841 sapientire
729 3756 842 3835 cultor,
850 3756 968 3838 pellem
981 3751 1126 3817 detrahat
1135 3754 1284 3836 exemplo
1294 3753 1436 3830 Maraiae,

482 3859 536 3940 qui
553 3855 628 3919 dum
645 3856 814 3921 contendit

693 3969 822 4019 Pboebum
833 3985 953 4037 superare
966 3968 1091 4032 canendo,

483 4064 585 4125 victus
610 4061 799 4124 indumento
825 4075 945 4125 riaturae
971 4065 1134 4146 spoliatur.
1179 4063 1264 4125 Eum
1294 4084 1434 4147 namquo

482 4161 681 4225 adulatorum
718 4162 814 4224 sectio
847 4163 998 4242 imitatur,
1027 4177 1059 4228 et
1095 4164 1255 4227 infelicem
1287 4164 1436 4246 Satyrum

482 4263 603 4343 implet,
633 4262 709 4324 dum
740 4262 873 4325 numina
902 4284 959 4326 sua
983 4262 1171 4328 (fortunatos
1194 4264 1320 4346 loquor)
1345 4265 1437 4327 ranis

481 4363 631 4428 laudibus
645 4364 728 4427 velut
743 4364 959 4426 instrumentis
972 4363 1114 4441 musicis,
1126 4385 1190 4425 non
1208 4378 1271 4426 tum
1287 4384 1438 4445 superare
