3867 5467
572 762 634 822 ‘284
821 772 959 818 soannrs
975 772 1256 818 sanasnamnusm
1346 755 1428 835 [mn.
1445 762 1519 822 v'nr.

570 948 639 990 rum
656 939 770 989 natura
785 925 954 1011 proclivior
975 937 1023 988 est
1039 924 1079 987 ad
1103 924 1279 988 avaritiam.
1318 926 1399 990 Sunt
1415 940 1519 991 tamen

568 1028 687 1112 quibus
701 1042 747 1091 est
768 1027 936 1091 indicenda
950 1024 1110 1106 calcatius,
1127 1038 1160 1090 nt
1184 1027 1241 1111 qui
1257 1048 1315 1090 sua
1335 1027 1521 1112 prodigunt,

566 1146 597 1193 et
613 1130 734 1193 ratione
749 1142 931 1215 contempta
946 1128 1125 1207 effundunt,
1136 1150 1197 1190 non
1213 1128 1426 1192 discernentes
1440 1130 1520 1214 quid

568 1253 645 1295 usus
657 1231 696 1293 sit
710 1229 758 1293 vel
771 1232 899 1294 abusus.
930 1231 1003 1306 Quo
1018 1228 1146 1314 quidem
1161 1243 1410 1314 temperamento
1427 1253 1518 1297 usum

566 1356 633 1396 esse
656 1333 792 1396 serrium
815 1332 970 1417 Opidium
994 1334 1190 1396 Canusinum
1214 1335 1246 1394 in
1271 1335 1384 1396 ultimo
1406 1332 1518 1415 elogio,

568 1457 666 1518 quum
690 1434 772 1498 lilios
794 1447 882 1520 peste
902 1433 1058 1496 contraria
1080 1432 1200 1495 videret
1224 1448 1409 1517 occupatos,
1424 1436 1518 1498 refert

572 1537 734 1600 Horatius.
780 1532 973 1617 Simpliciter
988 1546 1091 1595 tamen
1112 1544 1236 1595 constat
1254 1532 1472 1617 frugalitatem
1487 1535 1518 1599 in

569 1641 661 1704 bonis
683 1637 923 1711 numerandam,
946 1649 1058 1722 utpote
1072 1635 1170 1713 illam,
1192 1659 1267 1720 quae
1288 1639 1429 1701 Saturno
1450 1662 1519 1724 reg·

568 1754 665 1804 nante
690 1762 788 1823 regna
814 1760 909 1801 aurea
935 1739 1134 1821 temperavit,
1158 1749 1190 1799 et
1216 1737 1388 1801 eorundem
1416 1741 1520 1803 omnia

568 1842 764 1926 dispensavit
779 1839 890 1903 officia.
931 1842 1012 1903 Haec
1027 1851 1074 1902 est
1090 1861 1163 1924 quae
1179 1843 1336 1916 Astream,
1349 1854 1381 1904 et
1397 1842 1519 1927 pudici-

569 1944 644 2007 tiam
662 1943 802 2006 interris
823 1940 947 2004 diutius
970 1942 1084 2018 tenuit,
1100 1939 1199 2004 donec
1222 1965 1286 2016 eas,
1308 1943 1519 2008 invalescente

566 2048 658 2118 luxu,
669 2054 821 2125 regnante
831 2044 925 2120 Jove,
935 2042 975 2104 ad
988 2064 1118 2128 superos
1129 2044 1419 2127 contigitevolasse.
1450 2047 1518 2109 Nos

566 2142 936 2228 haecl'abularespicit,ut
947 2144 1082 2206 sciamus
1092 2144 1349 2228 sinefrugalitate
1359 2168 1517 2232 nonposse

562 2245 734 2332 justitiam,
746 2258 801 2308 aut
814 2244 1004 2329 pudicitiam
1017 2247 1203 2310 conservari.
1237 2247 1397 2332 Siquidem
1410 2270 1518 2312 neces-

568 2349 644 2412 sitas
663 2346 829 2411 exercendi
852 2348 947 2411 luxus
969 2346 1111 2410 excludit
1128 2348 1301 2432 justitiam,
1322 2362 1353 2413 et
1376 2351 1516 2415 exercitii

567 2447 714 2534 voluptas
730 2450 914 2533 pudicitiam
932 2447 1093 2534 propellit.
1124 2450 1179 2514 Ait
1191 2451 1297 2515 enim:
1322 2453 1377 2536 qui
1390 2451 1516 2518 festinat

566 2549 978 2629 ditari,noneritinnocens.
996 2548 1517 2639 IlludtamenClodiinequaquam

566 2649 713 2734 denigrat
728 2650 922 2735 frugalitatis
938 2650 1099 2726 honorem,
1112 2650 1166 2712 sed
1176 2650 1305 2715 videtur
1316 2653 1426 2736 potius
1437 2676 1518 2716 cam-

567 2751 717 2814 mendare
732 2750 886 2814 decorem.
921 2752 1055 2815 Constat
1069 2750 1151 2812 enim
1174 2773 1379 2837 nequaquam
1400 2753 1515 2818 malum

566 2878 643 2935 esse,
668 2854 754 2940 quod
781 2855 813 2917 in
837 2852 1060 2939 patrocinium,
1084 2867 1117 2917 et
1142 2854 1377 2918 excusationem
1400 2855 1516 2920 sinistri

565 2957 701 3018 rumoris
739 2955 921 3019 assumitur.
969 2956 1019 3016 Sic
1054 2954 1162 3017 fuscus
1191 2954 1278 3018 color
1304 2960 1431 3041 nigrum
1462 2979 1517 3020 ex·

565 3071 697 3129 tenuat;
721 3070 753 3121 et
775 3055 862 3139 qnod
889 3056 1055 3139 turgidum
1074 3071 1133 3131 est,
1157 3057 1283 3120 nomine
1310 3059 1519 3141 plenitudinis

563 3158 746 3221 honoratur.
793 3159 853 3221 Est
877 3171 983 3219 autem
1010 3156 1176 3240 frugalitas
1199 3158 1301 3222 virtus
1322 3160 1519 3238 moderatrix

563 3258 685 3332 utendi,
708 3274 740 3319 et
766 3257 920 3321 abutendi
947 3258 1067 3340 ignara.
1113 3258 1201 3321 Nihil
1227 3259 1332 3342 gelide
1359 3263 1518 3336 ministrat

562 3370 617 3420 aut
633 3355 755 3432 timide,
772 3357 826 3419 sed
837 3361 866 3419 ei
877 3372 981 3421 tamen
994 3358 1074 3423 ratio
1087 3374 1208 3424 constat
1221 3360 1378 3446 impensae.
1402 3362 1514 3425 Rebus

562 3457 704 3543 quidem,
721 3457 774 3519 sed
799 3458 859 3521 sibi
883 3460 985 3543 magis
1007 3462 1119 3547 parcit.
1166 3461 1251 3524 Nihil
1266 3479 1322 3524 aut
1345 3462 1513 3527 minimum

561 3559 721 3623 subtrahit
744 3560 828 3637 usui,
859 3561 913 3624 sed
938 3562 1076 3625 luxuriae
1105 3564 1331 3627 nihilomnino
1354 3564 1513 3650 indulget.

561 3663 726 3748 Siquidem
750 3661 992 3746 diligentissima
1021 3679 1079 3728 est.
1128 3665 1263 3730 Possunt
1293 3666 1333 3730 ad
1356 3690 1516 3730 commen·

558 3764 717 3829 dationem
734 3765 802 3848 ejus
817 3767 959 3831 sufficere
975 3791 1047 3850 quae
1064 3769 1164 3844 Zeno,
1178 3793 1250 3853 quaa
1271 3772 1427 3850 Socrates,
1442 3795 1514 3856 quaa

563 3864 666 3939 Plato,
683 3889 756 3947 quae
773 3869 974 3947 Aristoteles,
989 3892 1063 3953 quae
1085 3871 1227 3933 omnium
1250 3871 1512 3957 philosophorum

558 3963 674 4025 chorus
689 3965 729 4026 de
739 3966 925 4050 frugalitate
937 3970 1092 4035 servanda
1105 3971 1317 4035 tradiderunt.
1365 3973 1426 4036 Sed
1437 3972 1513 4056 quia
1537 4031 1540 4035 ,

559 4065 626 4125 haec
655 4079 840 4147 pervetusta
865 4085 939 4134 sunt
963 4074 1101 4152 nomina,
1126 4089 1183 4137 aut
1209 4096 1320 4137 eorum
1347 4098 1409 4138 non
1439 4088 1513 4138 sunt

557 4179 716 4250 praecepta
728 4166 873 4244 celebria,
887 4171 934 4232 vel
945 4174 1063 4237 Seneca
1080 4188 1187 4238 noster
1196 4173 1361 4251 audiatur,
1373 4176 1430 4259 qui
1444 4197 1511 4238 eam

558 4268 654 4329 tantis
670 4268 818 4333 laudibus
834 4271 935 4347 ell'ert,
959 4290 994 4338 ut
1010 4276 1156 4360 quisquis
1176 4276 1299 4360 aliquid
1314 4281 1444 4342 omnino
1457 4276 1513 4339 ad-

552 4367 650 4449 jicere
678 4373 857 4447 tentaverit,
873 4377 978 4440 'ociori
1006 4398 1101 4461 quam
1129 4377 1250 4461 aliquid
1275 4401 1371 4462 agere
1399 4378 1517 4453 rectius
