3867 5467
591 764 631 825 52
848 775 985 821 roaurus
1001 774 1279 820 sannsnsruausrs
1398 757 1488 838 [crs.
1506 776 1552 820 vr.

593 930 695 993 tinent
709 929 939 1007 anctoritatem,
954 940 987 993 et
1010 928 1207 991 universitati
1226 927 1414 1012 reipublicae
1429 950 1552 1013 usque·

593 1051 720 1115 quaque
750 1029 930 1114 proficiunt.
976 1031 1059 1094 Haec
1090 1040 1196 1093 autem
1227 1038 1274 1092 tot
1303 1040 1389 1108 suut,
1415 1039 1454 1093 ut
1485 1050 1550 1092 res·

593 1132 724 1216 publica
752 1153 817 1195 non
847 1132 1012 1215 octipedes
1042 1153 1186 1210 cancros,
1211 1130 1270 1194 sed
1299 1140 1335 1193 et
1356 1130 1550 1215 centipedes

593 1231 713 1317 pedum
742 1235 966 1298 numerositate
996 1232 1210 1299 transcendat.
1254 1234 1301 1296 Et
1323 1232 1457 1318 quidem
1481 1252 1550 1315 prae

594 1336 798 1401 multitudine
813 1337 969 1400 numerari
985 1357 1051 1399 non
1071 1346 1217 1420 possunt,
1231 1356 1332 1418 quum
1346 1347 1457 1399 tamen
1479 1354 1548 1397 non

594 1436 721 1502 infinita
736 1440 800 1502 sint
814 1461 872 1523 per
894 1447 1049 1516 naturam,
1063 1436 1120 1501 sed
1144 1436 1221 1521 quia
1239 1447 1306 1501 tam
1322 1436 1418 1501 ranae
1433 1434 1546 1517 figure

596 1549 682 1613 sunt,
719 1552 754 1603 ut
790 1541 897 1603 nullus
932 1560 1073 1621 uuquam
1116 1537 1293 1601 officiorum
1329 1537 1476 1622 scriptor,
1514 1535 1549 1598 iu

597 1642 740 1721 singulas
768 1642 894 1725 species
918 1662 1027 1705 eornm
1051 1640 1205 1724 specialia
1225 1648 1389 1724 praecepta
1411 1638 1549 1703 dederit

596 1739 821 1806 Verumtamen
845 1742 933 1827 qnod
953 1743 1103 1825 generale
1124 1753 1173 1806 est
1194 1742 1343 1806 omnibus
1362 1752 1395 1805 et
1414 1741 1552 1823 singulis

596 1854 795 1924 procuratur,
811 1855 846 1907 ut
859 1844 942 1924 legis
964 1843 1089 1906 sedicet
1108 1842 1226 1906 limites
1246 1862 1312 1905 non
1327 1841 1503 1919 excedant,
1519 1851 1552 1904 et

598 1941 639 2006 ad
665 1945 829 2026 publicam
859 1945 1028 2009 utilitatem
1056 1944 1164 2007 omnia
1187 1944 1372 2007 reserantur.
1418 1943 1551 2008 Debent

599 2054 705 2108 autem
729 2047 918 2131 obsequium
934 2045 1083 2109 inferiora
1103 2043 1330 2129 superioribus,
1349 2065 1422 2128 quae
1441 2044 1554 2107 omnia

598 2144 720 2208 eisdem
736 2147 874 2212 vicissim
898 2146 1018 2210 debent
1036 2146 1249 2209 necessarium
1259 2144 1456 2209 ’subsidium
1479 2165 1553 2227 pro·

600 2247 716 2311 videre.
762 2248 860 2312 Unde
876 2248 1067 2311 Plutarchus
1088 2268 1127 2311 ea
1146 2246 1225 2310 dicit
1245 2247 1277 2310 in
1301 2244 1454 2310 omnibus
1475 2267 1552 2310 exe·

601 2348 738 2430 quenda,
749 2371 821 2433 quae
829 2348 1065 2427 humilioribus,
1073 2348 1106 2411 id
1122 2358 1173 2411 est
1186 2347 1394 2424 multitudini,
1405 2359 1551 2431 prosunt.

601 2445 685 2511 Nam
698 2451 844 2534 paucitas
860 2471 986 2533 semper
1000 2452 1144 2533 pluribus
1160 2450 1255 2513 cedit.
1299 2451 1351 2514 Ea
1361 2471 1438 2530 ergo
1454 2470 1553 2513 causa

600 2550 736 2615 instituti
751 2564 825 2616 sunt
839 2552 1053 2633 magistratus,
1065 2561 1100 2615 ut
1110 2574 1130 2616 a
1140 2551 1278 2616 subditis
1285 2552 1408 2636 injuriae
1420 2553 1551 2636 propul-

600 2664 719 2732 sentur,
748 2654 883 2740 ipsaque
912 2653 1091 2739 reipublice
1127 2653 1220 2737 quasi
1254 2654 1381 2717 illomm
1418 2653 1552 2737 opificio

600 2756 763 2821 calcietur.
808 2758 869 2821 Est
879 2757 964 2820 enim
975 2755 1069 2839 quasi
1079 2754 1273 2832 discalciata,
1284 2753 1413 2838 quando
1427 2754 1554 2839 injuriis

601 2860 784 2940 exponitur,
800 2881 864 2942 quo
879 2859 958 2921 nihil
974 2868 1080 2941 potest
1095 2856 1338 2939 ignominiosius
1353 2876 1425 2918 esse
1440 2877 1553 2937 geren·

600 2955 687 3017 tibus
702 2959 928 3038 magistratum.
973 2957 1120 3020 Afflictus
1135 2978 1273 3041 namque
1289 2958 1441 3039 populus,
1458 2958 1551 3042 quasi

600 3057 755 3141 principis
770 3056 942 3142 podagram
954 3058 1058 3139 arguit
1073 3069 1105 3121 et
1120 3059 1293 3122 convincit.
1337 3059 1431 3122 Tunc
1443 3073 1552 3124 antem

601 3157 699 3219 totius
714 3159 899 3242 reipublicae
915 3160 1002 3222 salus
1019 3159 1190 3222 incolumis
1204 3160 1422 3242 praeclaraque
1437 3159 1511 3237 erit,
1525 3160 1553 3222 si

603 3258 768 3339 superiora
789 3260 934 3322 membra
954 3280 989 3322 se
1012 3258 1199 3342 impendant
1222 3259 1435 3333 interioribus,
1457 3269 1492 3322 et
1506 3258 1556 3323 in·

602 3358 718 3421 feriore
731 3357 946 3443 superioribus
961 3358 1030 3444 pari
1048 3359 1122 3442 jure
1137 3357 1362 3443 respondeant,
1378 3369 1413 3421 ut
1427 3358 1557 3440 singula

603 3459 667 3521 sint
681 3459 775 3543 quasi
791 3459 923 3523 aliorum
946 3459 987 3522 ad
1010 3459 1146 3522 invicem
1161 3459 1314 3536 membra,
1329 3468 1361 3521 et
1381 3460 1414 3521 in
1438 3478 1477 3521 eo
1493 3455 1555 3521 sibi

603 3561 740 3647 quisque
756 3562 896 3625 maxime
919 3560 1029 3624 credat
1048 3581 1117 3622 esse
1139 3560 1333 3637 consultum,
1347 3558 1380 3621 iu
1403 3580 1468 3643 quo
1483 3557 1555 3623 aliis

602 3664 713 3731 utilius
727 3665 851 3730 noverit
866 3685 935 3729 esse
946 3672 1162 3747 prospectum.

605 3927 684 4007 Cap.
702 3929 754 3987 21.
781 3925 1028 4004 Rernpublieam
1066 3923 1113 3983 ad
1144 3931 1271 3985 naturae
1303 3921 1555 3983 similitudinem

647 4024 874 4101 ordinandam,
889 4030 922 4084 et
934 4021 1080 4083 ordinem
1094 4023 1134 4084 de
1147 4024 1264 4104 apibtu
1278 4022 1502 4086 mutuandum.

648 4178 882 4242 Summanum
899 4174 939 4237 de
961 4175 1075 4257 repub.
1092 4176 1151 4238 etsi
1174 4175 1299 4239 diverso
1318 4174 1427 4251 modo,
1443 4173 1558 4238 Cicero

605 4290 637 4342 et
659 4279 761 4355 Plat0,
785 4297 884 4361 quum
905 4278 985 4339 alter
1008 4276 1112 4358 qualis
1132 4297 1202 4339 esse
1226 4275 1343 4341 debeat
1367 4275 1565 4354 disseruerit,

606 4382 683 4445 alter
694 4379 796 4463 qualis
812 4377 906 4441 fuerit
920 4399 939 4440 a
954 4375 1129 4461 majoribus
1143 4376 1295 4441 instituta.
1342 4377 1439 4440 Hauc
1455 4386 1564 4440 tamen
