3867 5467
452 786 514 844 308
687 794 825 840 tonsura
839 795 1123 840 sanasuumsssrs
1241 778 1330 857 [ura.
1350 798 1418 842 rm.

458 948 578 1011 vanitas
592 947 760 1032 promittat
776 946 1005 1022 liberationem,
1018 968 1090 1009 vere
1105 946 1199 1010 liberi
1214 969 1415 1033 nequaquam

459 1064 544 1123 sunt,
553 1048 613 1111 nisi
627 1048 802 1133 quosfilius
812 1046 1002 1112 liberaverit.
1031 1047 1086 1112 Tu
1099 1061 1242 1125 uaturae,
1253 1050 1377 1134 gratia,
1387 1062 1416 1112 et

457 1151 568 1235 glorioe
583 1149 745 1233 distingue
762 1150 950 1224 libertatem,
963 1164 995 1212 et
1010 1149 1153 1213 invenies
1167 1151 1293 1214 nullam
1310 1173 1413 1215 earum

456 1253 497 1317 de
513 1252 652 1315 vanitate
666 1252 860 1335 contingere,
872 1274 928 1314 nec
945 1251 1002 1315 tibi
1017 1252 1160 1316 conditio
1176 1254 1283 1337 magis
1297 1252 1412 1317 servilis

457 1369 614 1429 occurret,
638 1377 733 1439 qoam
763 1353 899 1439 tyranni.
947 1351 1086 1417 sienim
1110 1354 1167 1418 ubi
1191 1355 1328 1441 spiritus
1351 1357 1410 1418 Do-

458 1457 545 1532 mini,
562 1456 605 1518 ibi
622 1456 761 1531 libertas,
777 1455 952 1518 miserrima
976 1456 1119 1539 prolecto
1136 1458 1297 1522 servitute
1312 1458 1409 1543 depri-

459 1559 567 1630 mitur,
585 1581 680 1643 quem
698 1558 828 1642 spiritus
845 1580 980 1641 nequam
997 1560 1151 1642 exagitat.

456 1974 534 2054 Cap.
556 1977 604 2033 17.
631 1970 672 2033 In
688 1993 749 2054 quo
769 1978 932 2052 tyron-nus
952 1995 973 2034 u
995 1974 1142 2056 principe
1163 1974 1306 2061 offerat,
1321 1982 1351 2037 et
1371 1974 1406 2035 de
1460 2007 1462 2012 ·

495 2074 669 2152 tyrannide
692 2075 911 2137 sacerdotum.-
941 2082 972 2136 et
993 2078 1029 2135 iu
1055 2096 1117 2155 quo
1141 2085 1268 2157 partor,
1282 2083 1357 2157 sur,
1377 2082 1406 2137 et

495 2178 711 2239 urerocuuriua
725 2176 764 2237 ob
778 2178 913 2239 inuicem
929 2176 1093 2264 dfferurrt.

500 2362 541 2424 lu
557 2384 623 2445 quo
640 2360 783 2447 princeps
797 2359 923 2424 differat
940 2384 958 2422 a
975 2373 1121 2446 tyranno,
1136 2360 1217 2426 dum
1235 2361 1403 2426 revolvere-

455 2476 509 2528 tur
534 2477 663 2529 auctore
690 2463 861 2527 Plutarcho
890 2461 1051 2526 institutio
1083 2464 1232 2549 Trajani‚
1265 2470 1405 2551 superius

453 2568 574 2632 dictum
591 2582 648 2642 est,
664 2581 694 2627 et
719 2588 792 2651 quae
807 2564 958 2651 principis
979 2565 1045 2628 sint
1061 2564 1175 2640 officia,
1199 2583 1259 2631 aut
1282 2568 1403 2652 reipub

451 2669 521 2733 licre
537 2667 687 2742 membra,
704 2665 873 2749 diligenter
887 2664 1080 2749 expositum.
1125 2666 1223 2730 Unde
1237 2667 1360 2732 facilius
1374 2681 1403 2730 et

451 2770 655 2856 paucioribus
678 2781 830 2852 poterunt
852 2768 1057 2843 innotescere,
1080 2791 1188 2854 quaec
1207 2769 1340 2854 regione
1360 2771 1404 2834 di·

285 2931 301 2971 ⁵
322 2856 552 2958 jiis'fflceuda
566 2886 641 2937 suut
656 2871 696 2934 de
713 2885 855 2954 tyranno.
893 2871 1266 2969 Q'l'yrannus,
1285 2888 1320 2937 ut
1335 2895 1402 2936 cum

289 2969 306 2983 ’
452 2975 632 3060 philosophi
669 2972 892 3057 depinxerunt,
928 2970 985 3056 qui
1017 2971 1154 3035 violenta
1191 2972 1405 3039 dominatione

450 3075 605 3160 populum
624 3075 750 3160 premit,
766 3073 847 3136 sicut
863 3075 920 3157 qui
939 3072 1063 3156 legibus
1078 3072 1159 3155 regit
1184 3074 1335 3161 princeps
1350 3087 1405 3137 est.

452 3179 552 3239 Porro
582 3176 631 3239 lex
657 3175 775 3239 donum
802 3173 862 3239 Dei
885 3187 943 3247 est,
967 3172 1128 3259 requitatis
1150 3173 1268 3251 forma,
1300 3198 1405 3239 norma

445 3276 592 3363 justitioe,
601 3278 718 3341 divinae
730 3277 904 3341 voluntatis
913 3277 1029 3361 imago,
1040 3277 1150 3341 salutis
1159 3280 1319 3357 custodia,
1333 3281 1405 3344 unio

452 3392 483 3442 et
500 3376 706 3440 consolidatio
723 3381 929 3462 populorum,
945 3378 1056 3463 regula
1067 3377 1257 3460 officiorum,
1267 3382 1406 3446 exclusio

450 3492 482 3543 et
497 3476 718 3541 exterminatio
741 3476 901 3551 vitiorum,
923 3478 1082 3542 violentioe
1101 3497 1133 3543 et
1160 3480 1263 3545 totius
1283 3481 1403 3568 injuria

450 3605 555 3670 poeuu.
602 3585 682 3647 Haec
697 3592 802 3644 autem
822 3593 876 3641 aut
893 3579 1053 3657 violentia,
1070 3593 1124 3644 aut
1147 3580 1223 3645 dolo
1237 3583 1404 3669 impugna-

452 3702 517 3762 tur,
531 3700 561 3750 et
579 3685 669 3773 quasi
685 3698 741 3748 aut
758 3682 856 3746 leonis
872 3682 1070 3745 immanitate
1086 3696 1243 3764 vastatur,
1258 3701 1315 3749 aut
1331 3685 1403 3748 dra·

451 3792 537 3854 conis
553 3789 777 3874 supplantatur
792 3783 923 3849 insidiis.
970 3782 1170 3869 Quocunque
1186 3800 1293 3850 autem
1310 3788 1402 3851 modo

450 3890 482 3954 id
500 3891 566 3964 liat,
583 3890 712 3973 planum
729 3901 776 3951 est
797 3886 929 3970 gratiam
946 3887 1139 3973 oppugnari,
1154 3900 1185 3950 et
1203 3888 1309 3951 Deum
1325 3912 1403 3974 quo-

450 3989 621 4052 dammodo
631 3992 793 4071 provocari
805 3989 843 4051 ad
858 3987 1013 4073 praelium.
1047 3988 1159 4051 Prince
1184 4015 1198 4052 s
1234 4004 1332 4075 ugnat
1344 4013 1403 4077 pro

451 4091 575 4178 legibus
598 4104 629 4154 et
656 4090 768 4176 populi
801 4089 965 4154 libertate:
998 4106 1155 4177 tyrannus
1186 4080 1265 4157 nihil
1294 4107 1401 4158 actum

450 4211 555 4281 putat,
571 4193 628 4275 nisi
644 4196 730 4276 leges
749 4207 892 4270 evacuet,
907 4207 937 4255 ct
960 4193 1114 4278 populum
1137 4194 1271 4259 devocet
1292 4197 1324 4260 in
1340 4219 1404 4260 ser·

449 4298 594 4361 vitutem.
640 4301 750 4380 lmago
766 4293 911 4380 quaetlam
933 4295 1110 4360 divinitatis
1125 4310 1172 4360 est
1196 4298 1353 4387 princeps,
1368 4315 1400 4365 et

448 4416 603 4489 tyrannus
625 4414 671 4464 est
694 4398 883 4463 adversariae
905 4399 1115 4477 tortitudinis,
1136 4416 1167 4467 et
1191 4403 1405 4490 buciferiana
