3867 5467
504 745 545 805 24
762 760 898 807 rasurus
914 758 1197 806 sessani-:messis
1309 742 1397 825 [um.
1416 766 1460 811 vr.

503 922 563 983 est,
589 920 731 975 autnon
757 913 874 989 minus,
899 911 986 997 quod
1011 913 1127 976 milites
1151 913 1284 992 faciunt,
1308 916 1365 999 qui
1389 937 1457 981 non

500 1012 698 1088 schedulam,
715 1013 771 1077 sed
792 1014 931 1096 gladium
952 1016 1099 1093 offerunt,
1122 1027 1155 1078 et
1180 1016 1271 1099 quasi
1296 1018 1457 1099 primitias

502 1113 599 1176 officii
614 1113 773 1177 redimunt
788 1118 828 1179 ab
840 1116 941 1191 altari,
952 1115 1037 1178 unde
1052 1117 1196 1180 ecclesiae
1211 1117 1244 1178 in
1260 1131 1456 1200 perpetuum

500 1215 701 1279 famulentur.
746 1217 830 1280 Nam
854 1218 937 1281 sicut
960 1218 1008 1281 eis
1030 1239 1088 1300 pro
1109 1219 1246 1282 eeclesia
1266 1221 1455 1304 plurimum,

498 1318 544 1383 ita
558 1331 670 1382 contra
684 1319 864 1393 ecelesiam,
878 1320 956 1381 lieet
970 1318 1062 1382 nihil.
1106 1320 1217 1382 Refert
1236 1320 1356 1399 Lucas,
1370 1323 1452 1406 quid

497 1420 615 1484 milites
640 1431 676 1484 ut
698 1420 935 1503 baptizarentur
959 1431 1161 1483 accesserunt
1186 1417 1227 1482 ad
1252 1418 1452 1502 Johannem,

496 1520 745 1602 interrogantes:
770 1521 925 1602 Magister
947 1519 1023 1603 quid
1048 1521 1200 1584 faciemus
1225 1532 1259 1583 et
1281 1520 1365 1584 nos?
1403 1525 1451 1587 Et

497 1622 541 1685 ait
569 1622 648 1685 illis:
687 1622 858 1685 Neminem
888 1621 1090 1700 concutiatis,
1117 1642 1222 1704 neque
1255 1622 1451 1689 calumniam

495 1723 630 1800 faciatis,
644 1734 677 1785 et
692 1723 832 1785 contenti
853 1733 953 1786 estote
973 1722 1140 1806 stipendiis
1160 1725 1281 1787 vestris.
1327 1724 1451 1791 Fidelis

496 1844 610 1904 sermo,
624 1837 656 1889 et
671 1826 758 1888 omni
772 1827 960 1908 acceptione
976 1826 1103 1909 dignus,
1114 1827 1169 1911 qui
1184 1827 1296 1891 deccat
1310 1850 1447 1913 praeam·

494 1927 606 1990 bulum
628 1927 747 2009 gratiae,
762 1948 940 2012 praeconern
962 1928 1112 2003 veritatis,
1129 1928 1247 1992 domini
1270 1951 1449 2013 praecurso·

494 2050 571 2094 rem.
616 2030 759 2093 Noverat
786 2030 872 2093 enirn
901 2051 1031 2093 manum
1065 2031 1234 2094 militarem
1263 2042 1447 2116 promptam

495 2131 535 2195 ad
557 2132 699 2216 iujurias,
724 2132 844 2215 rapinis
866 2142 1037 2209 assuetam,
1061 2145 1093 2195 et
1120 2132 1173 2196 cui
1198 2155 1364 2218 nunquam
1390 2146 1447 2199 aut

493 2253 563 2296 raro
593 2233 757 2296 sufficiunt
785 2253 853 2309 sua,
876 2234 952 2317 quin
983 2244 1112 2317 appetat
1141 2234 1254 2297 aliena.
1300 2234 1447 2299 Concus-

493 2334 582 2397 sioue
605 2354 680 2415 crgo
705 2334 876 2417 prohibita,
899 2335 1041 2399 exclusit
1066 2335 1207 2419 injurias,
1231 2336 1361 2419 rapinas
1387 2358 1446 2399 ex·

490 2435 679 2512 terminavit,
713 2437 846 2498 exclusa
879 2437 1047 2499 calumnia.
1107 2438 1278 2502 Avaritiam
1315 2460 1445 2523 quoque

491 2535 663 2613 damnavit,
689 2536 765 2600 dum
791 2538 945 2621 praecepit
969 2558 1229 2624 unumquemque
1254 2552 1441 2605 contentum

491 2660 561 2703 esse
576 2638 745 2723 stipendiis
760 2638 836 2702 suis.
880 2638 972 2702 Sicut
993 2641 1076 2703 enim
1094 2641 1218 2703 dictum
1234 2654 1291 2719 est,
1305 2642 1441 2707 militem

490 2761 583 2824 egere
605 2761 669 2804 non
692 2741 779 2821 licet,
800 2740 853 2804 cui
876 2740 952 2804 dum
975 2741 1100 2817 militat,
1123 2740 1243 2804 militie
1270 2763 1336 2806 suae
1360 2764 1441 2827 prar-

489 2852 611 2905 stantur
633 2842 804 2926 stipendia,
820 2852 853 2904 et
874 2863 973 2925 quum
996 2843 1144 2906 emeritus
1166 2855 1225 2918 est,
1240 2843 1373 2927 predia,
1388 2845 1439 2907 vel

489 2942 641 3005 alimenta
669 2942 774 3026 quoad
800 2942 975 3007 necessitas
1005 2944 1117 3027 exigit,
1140 2943 1181 3007 de
1203 2944 1336 3028 publico
1367 2966 1440 3031 pro·

491 3040 649 3106 ridentur.

488 3346 568 3429 Cap.
595 3345 644 3405 11.
685 3340 778 3409 Quod
798 3342 919 3404 milites
948 3342 1064 3406 durius
1085 3344 1269 3426 castigandi
1296 3351 1385 3420 sunt,
1406 3347 1436 3407 εἰ

548 3442 675 3506 militie
692 3444 759 3524 lege
773 3448 969 3522 contemptu,
983 3444 1165 3525 privilegiis
1179 3442 1371 3506 abutuntur.

529 3580 566 3645 S1
583 3599 656 3642 vero
666 3587 778 3642 contra
789 3576 1037 3661 prohibitionem
1048 3576 1217 3654 lobannis,
1228 3586 1260 3639 et
1274 3575 1435 3658 legitimas

485 3683 675 3759 sanctiones,
690 3680 723 3744 iu
739 3679 822 3743 furta
840 3678 993 3743 dilabitur
1007 3691 1040 3742 et
1058 3678 1196 3762 rapinas,
1214 3677 1322 3741 durius
1337 3678 1432 3741 casti-

484 3786 609 3871 gandus
624 3796 683 3862 est,
690 3794 727 3847 ut
738 3782 792 3867 qui
804 3801 930 3865 semper
942 3781 1070 3855 serrum,
1083 3779 1225 3865 duraque
1236 3780 1431 3844 tractaverit:

484 3900 516 3952 et
529 3889 574 3950 ita
588 3884 770 3948 cohibenda
785 3896 834 3946 est
853 3882 990 3945 audacia
1004 3881 1085 3965 ejus,
1101 3892 1136 3946 ut
1151 3882 1183 3944 in
1200 3882 1308 3966 seipso
1329 3881 1433 3945 discat

484 3993 605 4068 quanta
645 3979 921 4044 animadversione
957 3981 1090 4043 feriendi
1129 3982 1203 4059 siut,
1238 3982 1293 4066 qui
1326 3981 1431 4062 legem

483 4086 682 4169 impugnant,
703 4102 800 4163 quam
824 4094 1030 4165 susceperant
1053 4082 1296 4147 defendendam.
1341 4083 1434 4153 Sicut

482 4184 568 4250 onim
591 4183 698 4246 multis
719 4182 973 4246 immunitatibus
996 4194 1027 4247 et
1049 4185 1311 4275 eminentioribus
1334 4185 1429 4268 privi-

482 4287 575 4369 legiis
589 4286 702 4350 militia
712 4284 841 4367 gaudet,
852 4285 896 4350 ite
907 4289 1124 4351 acerbioribus
1139 4289 1246 4371 poenis
1261 4288 1430 4352 subdenda

482 4401 540 4470 cst,
562 4389 588 4452 si
611 4409 668 4453 sua
690 4387 885 4453 demeruisse
907 4389 1073 4472 privilegia
1095 4389 1312 4454 convincatur.
1358 4391 1428 4452 Nec
