3867 5467
486 776 544 833 184
731 787 868 830 sosssts
882 786 1165 830 sinesnstuessis
1289 771 1379 850 [nis.
1398 791 1452 834 vn.

482 939 537 1001 sed
566 953 597 1000 et
623 938 791 1000 verberum
813 938 1016 1000 acrimoniam
1043 937 1176 1000 sufferat
1203 940 1385 1024 patienter,
1418 954 1451 1002 ut

480 1058 586 1099 euram
603 1034 754 1097 tondente
775 1059 808 1096 se
822 1034 1043 1106 obmutescat;
1067 1034 1142 1120 quis
1166 1058 1233 1098 non
1258 1059 1337 1099 eum
1361 1038 1450 1122 quasi

483 1138 612 1200 virtutis
626 1138 776 1221 egregp'ag
790 1153 822 1200 et
838 1136 1009 1219 singularis
1031 1138 1137 1201 meriti
1161 1138 1334 1202 hominem
1349 1139 1451 1202 admi·

481 1253 581 1314 retur,
597 1254 717 1303 etcum
734 1239 909 1301 reverentia
929 1252 1141 1322 praeconetur,
1157 1255 1322 1323 tanquam
1341 1263 1449 1304 revera
1514 1228 1522 1239 ⁸

482 1340 699 1425 Apostolicum
711 1339 826 1417 virum,
836 1355 870 1402 et
884 1360 1068 1423 expressum
1084 1341 1208 1406 Christi
1225 1341 1446 1407 imitatorem?

486 1444 567 1507 Hoec
576 1459 682 1507 autem
695 1445 790 1507 etiam
800 1442 920 1526 ignari,
934 1464 974 1504 ex
988 1441 1173 1505 necessitate
1183 1457 1309 1517 tamen,
1323 1444 1445 1508 faciunt

484 1545 662 1616 coenobitoe‚
710 1544 793 1606 Nam
810 1542 841 1605 in
856 1565 895 1605 eo
908 1565 928 1605 a
943 1542 1092 1606 studiosis
1105 1542 1278 1619 differunt,
1294 1544 1388 1630 quod
1405 1544 1445 1608 illi

483 1670 524 1710 ex
540 1647 707 1710 dilectione
729 1659 876 1709 exercent
891 1668 940 1725 ea,
957 1646 998 1708 ad
1022 1668 1096 1732 quae
1111 1644 1163 1709 isti
1186 1647 1325 1711 stimulo
1342 1670 1443 1712 nenes-

483 1747 585 1810 sitatis
595 1759 759 1828 urgentur,
769 1757 802 1806 et
816 1767 901 1831 saepe
915 1747 1018 1810 inviti.
1066 1748 1148 1810 Sunt
1161 1761 1272 1811 tamen
1283 1747 1317 1811 in
1332 1746 1443 1812 habitu

483 1848 655 1918 communi,
676 1871 756 1932 qnos
775 1846 930 1911 seculares
949 1870 1012 1911 non
1028 1848 1132 1911 audeo
1146 1847 1327 1925 nominare,
1344 1870 1443 1934 quum

483 1948 560 2012 nihil
576 1950 715 2012 seculare
730 1955 772 2014 sit
779 1949 949 2013 dicendum
965 1952 998 2014 in
1013 1949 1142 2028 talibus,
1157 1947 1217 2012 nisi
1233 1950 1325 2036 quod
1338 1950 1443 2014 seculo

485 2072 621 2132 nequam
638 2050 754 2113 amoris
766 2050 966 2116 l'oederantur
980 2052 1107 2115 affectu.
1155 2053 1248 2116 Sicut
1260 2052 1348 2117 enim
1365 2075 1442 2137 prae·

484 2151 610 2235 putium
627 2151 704 2214 nihil
727 2165 785 2223 est,
807 2168 839 2216 et
853 2151 1050 2217 circumcisio
1065 2153 1155 2232 nihil,
1176 2153 1232 2217 sed
1259 2155 1441 2219 observatio

486 2250 707 2315 mandatorum
733 2252 814 2315 Dei:
839 2256 895 2331 sic,
918 2268 954 2319 ut
981 2252 1199 2340 religiosorum
1224 2277 1305 2340 pace
1327 2255 1442 2330 dicam,

486 2353 691 2416 monachatus
701 2352 887 2426 niliilest‚et
898 2356 1100 2419 canonicatus
1111 2355 1203 2430 nihil,
1214 2355 1443 2421 mandatorum

489 2453 709 2516 observatione
724 2453 872 2518 deducta.
898 2457 979 2518 Haec
994 2455 1092 2540 igitur
1113 2456 1241 2520 tandem
1253 2471 1403 2542 prosunt,
1418 2457 1441 2520 si
1488 2519 1496 2536 ,

486 2555 560 2640 quis
570 2555 670 2639 legem
682 2555 837 2619 observet.
862 2557 896 2620 Si
905 2559 1052 2621 verosine
1063 2558 1111 2621 his
1121 2558 1284 2644 quispiam
1295 2559 1441 2624 observat

487 2659 600 2741 legem,
615 2682 687 2722 eum
709 2681 910 2744 nequaquam
931 2661 1065 2724 dixerim
1088 2662 1273 2728 secularem.
1321 2663 1441 2726 Verun-

487 2781 589 2824 tamen
599 2784 748 2845 gersmus
758 2783 874 2824 morem
883 2762 1047 2846 religiosis,
1060 2763 1123 2826 sint
1134 2761 1292 2826 seculares
1300 2764 1438 2838 interim,

485 2886 567 2948 quos
579 2863 675 2926 vestis
689 2862 777 2947 pulla
786 2864 827 2927 ab
838 2864 907 2927 aliis
919 2887 980 2927 non
992 2864 1152 2928 discernit.
1177 2863 1440 2951 Nullaenimjao·

485 2979 559 3028 tura
574 2965 719 3039 nominis,
736 2966 793 3028 nisi
816 2966 975 3029 saecularis
991 2968 1030 3030 sit
1052 2982 1084 3031 et
1100 2968 1174 3030 vita.
1221 2966 1438 3052 Indignamur

484 3066 674 3152 aliquiqnod
683 3066 723 3129 de
736 3066 888 3149 religiosis
898 3092 958 3153 ego
970 3068 1081 3132 habitu
1094 3067 1257 3146 secularis,
1267 3082 1301 3132 et
1310 3090 1439 3132 conver-

488 3168 607 3231 satione
629 3183 775 3251 peccator
798 3171 857 3232 ista
880 3170 1066 3254 pronuncio,
1088 3184 1121 3233 et
1150 3169 1228 3233 dum
1250 3169 1439 3234 commendo

487 3267 671 3341 coenobitas,
688 3290 737 3329 me
752 3268 822 3330 aliis
837 3270 1003 3335 detrahere
1019 3272 1236 3335 criminantur.
1275 3271 1439 3335 Adversus

486 3376 544 3430 nos
559 3388 619 3427 non
639 3370 808 3442 Caesarem,
825 3369 878 3431 sed
898 3372 1104 3437 Benedictum
1129 3372 1266 3457 appello,
1282 3373 1341 3459 qui
1356 3373 1438 3437 sicut

487 3471 676 3553 Gyrovagos
687 3483 719 3532 et
729 3470 910 3535 sarabaitas
918 3475 1037 3558 arguit,
1048 3475 1091 3538 sic
1103 3475 1269 3539 manifeste
1280 3497 1439 3538 commen·

484 3570 540 3634 dut
551 3570 746 3636 coenobitas.
759 3577 880 3639 Auctor
890 3576 966 3639 mihi
980 3578 1197 3659 Hieronymus
1206 3591 1267 3656 est,
1276 3576 1351 3642 licet
1362 3600 1435 3641 eum

486 3669 628 3736 nonnulli
645 3674 870 3738 monachorum
880 3676 1129 3761 minusbenigne
1140 3676 1284 3752 audiant,
1296 3699 1334 3739 eo
1349 3676 1436 3762 quod

486 3773 615 3836 clericos
626 3773 665 3836 ad
676 3775 798 3860 aliquid
811 3776 897 3840 visus
908 3792 956 3841 est
967 3778 1154 3861 praetnlisse.
1180 3780 1308 3842 Auctor
1317 3790 1377 3852 est,
1393 3778 1438 3841 in·

486 3895 594 3958 quam,
609 3875 696 3957 quod
713 3878 808 3940 vestis
824 3899 1022 3963 nequaqnam
1045 3878 1204 3963 religionis
1224 3878 1438 3943 differentiam

486 3971 593 4044 laniat,
606 3971 661 4033 sed
674 3975 705 4034 in
718 3974 802 4035 omni
814 3973 924 4039 habitu
935 3981 992 4061 qui
1005 3979 1094 4043 timet
1109 3980 1225 4052 Deum,
1238 3991 1272 4042 et
1286 3992 1440 4064 operatur

481 4066 654 4155 justitiam,
678 4087 826 4157 aceeptus
838 4091 884 4139 est
908 4076 963 4140 illi.
990 4080 1079 4145 Idem
1095 4104 1224 4167 quoque
1245 4080 1310 4145 ait:
1330 4085 1442 4146 Vestes

485 4167 589 4254 pullas
604 4193 697 4254 reque
713 4177 778 4237 vita
794 4186 830 4238 ut
844 4178 1005 4245 candidas.
1030 4187 1172 4246 Ornatus
1188 4196 1225 4246 ut
1242 4182 1353 4246 sordes
1368 4184 1439 4267 pari

486 4270 581 4333 modo
594 4273 756 4357 fugienda,
768 4281 843 4362 quia
855 4279 990 4345 alterum
1004 4283 1143 4363 delicias,
1154 4284 1290 4348 alterum
1302 4284 1438 4368 gloriam

484 4370 615 4439 redolet.
655 4381 737 4442 Natu
754 4380 875 4467 absque
892 4382 973 4446 lineo
994 4386 1111 4449 ariiictu
1129 4387 1283 4463 insedere,
1299 4385 1354 4449 sed
1371 4407 1442 4470 pre-

484 4476 567 4545 rium
584 4476 735 4543 linearum
753 4486 888 4547 vestium
907 4507 968 4548 non
985 4486 1111 4564 habere,
1129 4486 1288 4552 laudabile
1302 4500 1361 4552 est.
1392 4490 1438 4551 Et
