3867 5467
594 725 657 782 att
851 736 987 781 soluens
1002 734 1285 781 strassenrausrs
1378 718 1467 798 [tra.
1485 730 1556 783 vut.

600 886 749 971 tangendi
785 886 961 972 voluptate,
992 908 1031 949 ue
1061 885 1163 951 dicam
1195 886 1335 961 luxuria,
1369 902 1558 975 posuerunt.

600 992 760 1055 Caeterum
773 988 833 1051 hoc
847 988 982 1051 aliorum
999 1011 1146 1052 sensuum
1159 989 1322 1053 luxuriam
1339 1012 1405 1055 non
1416 1005 1557 1063 excusat,

599 1113 700 1176 quum
713 1093 880 1154 manifesta
895 1093 933 1154 sit
949 1090 1097 1153 bumanae
1112 1091 1280 1176 dignitatis
1291 1093 1444 1178 abjectio,
1455 1094 1482 1155 si
1497 1115 1556 1157 non

599 1193 687 1256 hirco
709 1207 765 1257 aut
789 1194 849 1270 sui,
874 1193 929 1256 sed
954 1192 1035 1255 leoni
1059 1209 1089 1256 et
1113 1193 1225 1279 pardo,
1241 1194 1296 1258 sed
1316 1195 1487 1280 pantherae
1503 1210 1556 1261 aut

599 1298 727 1379 Satyro,
744 1294 796 1357 sed
818 1294 943 1381 pavoni,
960 1294 1162 1376 philomenae,
1176 1311 1233 1358 aut
1254 1294 1405 1379 psittaco,
1421 1296 1476 1360 sed
1492 1297 1554 1360 cui-

598 1418 726 1482 cunque
741 1396 909 1460 brutorum
925 1408 981 1459 aut
992 1395 1222 1459 insensibilium
1239 1395 1367 1461 studeat
1384 1398 1551 1483 coaequari.

599 1497 763 1583 Siquidem
786 1497 827 1560 ad
850 1494 1024 1581 angelicam
1048 1496 1220 1581 puritatem
1246 1496 1368 1561 rectius
1390 1499 1552 1584 aspirabit,

598 1600 701 1683 quiin
719 1622 754 1662 ea
770 1614 895 1662 creatus
915 1611 962 1661 est
977 1596 1133 1680 dignitate
1155 1598 1299 1681 originis,
1316 1612 1353 1662 ut
1377 1599 1409 1664 in
1425 1600 1552 1665 cumulo

598 1723 680 1764 veroe
709 1714 740 1765 et
770 1716 897 1765 aeternae
928 1699 1146 1775 beatitudinis,
1177 1700 1367 1786 perfectioni
1398 1703 1550 1786 angelica*

596 1804 694 1886 possit
724 1825 790 1865 esse
816 1804 997 1867 conformis.
1036 1802 1118 1864 Nam
1145 1815 1178 1865 et
1208 1816 1337 1886 patrum
1366 1803 1549 1870 inconcussa

596 1905 701 1968 sanxit
723 1905 907 1981 auctoritas,
932 1906 1007 1990 quia
1030 1918 1143 1969 natura
1166 1903 1316 1968 humanae
1333 1906 1451 1970 mentis
1469 1907 1550 1972 solus

596 2004 744 2070 dominus
753 2007 879 2089 dignior
889 2021 949 2081 est,
960 2021 990 2070 et
1001 2005 1087 2091 quod
1099 2005 1204 2068 omnia
1217 2005 1297 2083 haec,
1306 2030 1383 2092 quae
1395 2008 1549 2073 humanus

596 2105 731 2168 miratur
752 2128 849 2182 error,
873 2121 907 2170 ut
930 2106 1053 2170 bomini
1076 2106 1227 2183 serviant,
1241 2107 1283 2171 ab
1305 2132 1343 2171 eo
1358 2109 1445 2173 facta
1464 2123 1547 2185 sunt,

595 2206 651 2291 qui
668 2207 825 2272 linurinem
849 2209 936 2286 lecit,
953 2222 989 2272 ut
1006 2209 1191 2273 aternitatis
1213 2221 1245 2272 et
1261 2210 1471 2276 beatitudinis
1485 2233 1548 2276 suae

595 2309 781 2396 participem
797 2310 922 2373 faceret.
956 2312 1036 2387 Quis
1051 2309 1339 2397 ergopraesidentis
1354 2312 1546 2377 domininon

595 2410 770 2495 vilipendat
792 2411 971 2484 arbitrium,
987 2415 1013 2476 si
1029 2414 1172 2476 servilem
1193 2425 1225 2476 et
1241 2411 1397 2497 abjectam
1419 2414 1545 2479 affectat

594 2512 830 2575 conditionem?
859 2516 930 2577 Nou
948 2527 1052 2577 tamen
1073 2512 1159 2597 quod
1181 2536 1288 2577 servos
1304 2515 1407 2579 dicam
1428 2513 1545 2581 haben-

594 2613 652 2677 dos
663 2637 729 2678 esse
744 2613 953 2699 contemptui,
965 2613 1024 2677 nisi
1037 2611 1202 2679 servilibus
1215 2615 1301 2679 vitiis
1314 2616 1432 2682 vivant.
1457 2618 1546 2681 Sicut

593 2717 675 2779 enirn
690 2739 762 2779 vera
776 2729 807 2780 et
821 2718 913 2780 unica
928 2716 1056 2780 libertas
1068 2730 1128 2793 est,
1140 2717 1259 2781 servire
1270 2717 1395 2797 virtuti,
1404 2733 1436 2784 et
1450 2720 1546 2806 ipsius

592 2842 737 2884 exercere
759 2821 879 2899 officia;
909 2822 954 2885 ita
976 2820 1068 2883 unica
1082 2834 1114 2884 et
1136 2821 1306 2905 singularis
1328 2824 1468 2887 servitus
1488 2838 1543 2899 est,

592 2920 677 2984 vitiis
700 2922 877 3007 subjugari.
921 2923 1018 2984 Errat
1040 2920 1131 3006 plane
1153 2922 1301 3008 quisquis
1323 2923 1453 2989 aliunde
1474 2948 1545 2989 con·

591 3023 744 3088 ditionem
775 3030 958 3089 alterutram
995 3027 1145 3109 opinatur
1179 3025 1332 3089 accidere.
1378 3027 1543 3114 Siquidem

590 3148 683 3190 omne
699 3126 861 3190 hominum
885 3149 986 3211 genus
1002 3127 1032 3189 in
1057 3126 1148 3190 terris
1163 3126 1255 3190 simili
1279 3128 1321 3192 ab
1336 3144 1412 3194 ortu
1431 3132 1542 3216 surgit,

588 3225 704 3288 eisdem
715 3241 839 3291 constat
848 3241 879 3289 et
891 3229 989 3291 alitur
1001 3228 1173 3305 elementis,
1183 3227 1387 3314 eundemque
1398 3232 1541 3317 spiritum

588 3326 629 3389 ab
653 3324 762 3387 eodem
789 3327 947 3410 principio
972 3332 1087 3415 carpit,
1107 3330 1283 3415 eodemque
1309 3331 1430 3396 fruitur
1452 3334 1542 3408 coslo,

587 3447 678 3511 arque
701 3426 847 3503 moritur,
862 3449 953 3512 aeque
976 3429 1064 3495 vivit.
1102 3432 1198 3495 Unde
1217 3446 1248 3496 et
1272 3434 1490 3500 Praetextatus
1507 3436 1539 3498 in

588 3529 808 3595 Saturnalibus
832 3529 1033 3614 Evangelum
1058 3533 1241 3619 reprimens,
1256 3533 1305 3597 his
1326 3538 1433 3600 utitur
1446 3558 1541 3621 argu·

586 3635 710 3698 ruentia.
741 3631 843 3710 Servi,
855 3633 973 3719 inquit,
986 3649 1071 3710 sunt,
1083 3637 1147 3698 imo
1163 3635 1314 3700 homines.
1348 3637 1438 3701 Servi
1454 3650 1538 3714 sunt,

585 3734 649 3798 imo
664 3735 815 3801 conservi.
855 3736 887 3799 Si
910 3735 1113 3821 cogitaveris,
1128 3735 1316 3800 tantundem
1338 3737 1369 3800 in
1386 3751 1538 3824 utrosque

585 3834 676 3898 licere
699 3839 862 3918 Fortunae,
886 3852 948 3901 tarn
973 3851 1008 3901 tu
1033 3836 1122 3900 illum
1148 3838 1255 3901 videre
1278 3838 1415 3903 liberum
1438 3854 1539 3925 potes,

582 3956 679 4019 quarn
696 3934 748 3996 ille
772 3950 802 3999 te
818 3961 955 4002 servum.
995 3939 1105 4004 Nescis
1119 3962 1185 4024 qua
1205 3953 1301 4004 aetate
1319 3941 1453 4004 Hecuba
1473 3963 1538 4002 ser-

583 4037 649 4096 vire
678 4038 822 4119 coeperit,
853 4062 918 4123 qua
949 4044 1090 4115 Croesus,
1121 4064 1186 4126 qua
1217 4042 1305 4105 Darii
1333 4056 1442 4118 mater,
1468 4064 1537 4127 qua

582 4135 750 4218 Diogenes,
766 4160 831 4223 qua
852 4138 944 4202 Plato
959 4145 1052 4226 ipse?
1080 4146 1243 4207 Postremo
1258 4144 1339 4228 quid
1363 4144 1409 4208 ita
1422 4165 1536 4207 nomen

580 4237 740 4302 servitutis
756 4238 945 4303 horremus?
973 4249 1091 4309 Servus
1106 4260 1153 4307 est
1174 4245 1317 4329 quidem,
1333 4245 1387 4308 sed
1405 4244 1537 4309 uecessi-

578 4349 654 4406 tate.
678 4339 730 4400 sed
755 4340 886 4404 sortasse
910 4339 1009 4405 libero
1032 4346 1137 4405 animo
1160 4365 1269 4407 servus
1293 4358 1352 4408 est.
1392 4347 1466 4409 Hoc
1490 4344 1536 4408 illi
