3867 5467
492 772 555 839 ala
748 787 885 831 roanxrs
901 784 1181 830 sansanaaressrs
1279 761 1367 848 [aaa.
1385 784 1455 829 rur.

488 956 598 1005 votum
622 938 748 1002 uberior
771 937 920 1000 succedat
941 934 1077 999 occasio.
1126 933 1304 999 Miraberis
1331 935 1449 999 rumam

487 1041 726 1129 supellectilem,
748 1049 781 1102 et
804 1039 919 1114 Croesi,
944 1053 979 1104 ut
1005 1038 1136 1111 dicitur,
1159 1038 1337 1103 facultates
1364 1038 1447 1122 apud

486 1168 551 1219 eos,
567 1143 624 1229 qui
644 1140 820 1228 praedicant
841 1164 1014 1226 pauperem
1037 1140 1215 1217 Christum,
1229 1153 1263 1203 et
1285 1140 1365 1225 quia
1385 1142 1447 1203 suis

489 1266 551 1309 non
581 1260 741 1330 coguntur
771 1242 939 1329 stipendiis
967 1242 1115 1316 militare,
1146 1243 1382 1326 evangelizant,
1413 1256 1446 1306 ut

487 1347 667 1420 comedant,
696 1358 728 1409 et
761 1345 1026 1429 evangelistarum
1060 1344 1227 1429 stipendiis
1258 1345 1443 1409 abutantur.

490 1449 630 1515 Calicem
646 1447 777 1533 quidem
794 1446 825 1508 in
842 1468 907 1529 qno
919 1445 1041 1530 «Ioseph
1058 1446 1211 1529 augurari
1228 1460 1445 1526 consueverat,

489 1551 522 1614 in
540 1549 623 1613 sacci
640 1549 688 1611 sni
704 1570 758 1610 ore
770 1545 947 1624 revolvunt,
956 1544 1010 1608 sed
1026 1568 1087 1609 non
1099 1544 1264 1609 descendit
1278 1547 1311 1609 iu
1326 1569 1442 1610 manus.

492 1652 618 1735 Lingua
643 1649 798 1734 siquidem
830 1648 1013 1724 sacerdotia,
1043 1646 1125 1713 calix
1155 1662 1205 1711 est
1225 1650 1308 1735 ejus,
1335 1650 1390 1735 qui
1414 1651 1443 1713 iu

490 1751 623 1815 veritate
642 1761 701 1829 cst,
723 1762 754 1814 et
777 1748 1036 1836 praefiguratione
1058 1747 1194 1811 nominis
1215 1750 1444 1834 interpretatur

490 1850 628 1915 salvator
646 1850 769 1924 mundi,
791 1850 957 1914 institutus
979 1863 1014 1913 ut
1035 1849 1227 1912 vaticinetur
1246 1849 1442 1925 abscondita,

490 1965 521 2015 et
535 1951 676 2014 fidelium
695 1965 814 2015 mentes
830 1964 935 2035 potest
952 1975 990 2014 eo
1005 1950 1131 2037 spiritu,
1142 1972 1208 2035 quo
1223 1951 1338 2037 repleti
1353 1952 1442 2017 disci·

490 2051 569 2138 puli,
579 2053 710 2115 verbum
728 2051 801 2115 fidei
814 2066 846 2117 et
859 2049 973 2117 salutis
984 2064 1174 2127 eructantes,
1188 2052 1220 2116 in
1233 2054 1256 2115 J
1260 2053 1355 2118 ndaea
1369 2055 1441 2118 ebrii

489 2154 628 2239 reputati
645 2168 732 2232 sunt,
748 2154 967 2241 dispensantes
982 2178 1118 2241 granum
1128 2155 1296 2232 frumenti,
1310 2156 1396 2244 qnod
1410 2157 1440 2219 in

490 2269 605 2320 terram
621 2256 725 2320 cordis
739 2280 848 2320 eornm
864 2258 1034 2332 ceciderat,
1046 2257 1155 2342 etjam
1172 2258 1204 2320 in
1220 2261 1368 2323 castitate
1382 2258 1442 2322 elo·

490 2358 560 2445 quii
581 2381 703 2435 eorum,
725 2359 866 2423 fructum
889 2358 1060 2445 plurimum
1080 2358 1220 2422 Domino
1235 2361 1441 2443 germinabat.

491 2459 553 2525 Alii
577 2460 704 2545 quidem
729 2460 795 2524 sine
817 2460 981 2545 evangelio
1004 2462 1044 2525 de
1070 2461 1237 2546 evangelio
1262 2466 1386 2532 vivunt,
1408 2476 1438 2526 et

491 2560 569 2623 benc
595 2563 620 2624 si
646 2560 757 2623 vivunt
785 2573 922 2639 tantum,
949 2573 984 2624 ut
1016 2583 1078 2625 non
1102 2562 1197 2625 etiam
1227 2562 1440 2628 luxurientur.

492 2662 562 2725 Hos
586 2685 660 2726 vero
676 2661 882 2727 mercenarios
904 2661 1052 2738 dixerim,
1070 2661 1127 2748 qui
1151 2685 1212 2726 non
1237 2661 1381 2729 laborant
1406 2680 1440 2729 ut

491 2762 694 2840 manducent,
725 2762 781 2827 sed
807 2762 873 2826 sine
903 2760 1009 2826 labore
1037 2784 1097 2825 non
1125 2762 1330 2841 manducare,
1356 2764 1441 2851 quod

490 2863 683 2928 necessitatis
711 2878 769 2937 est,
793 2864 847 2928 aed
878 2864 975 2927 ociari
1004 2878 1036 2928 et
1065 2864 1220 2929 luxuriari
1250 2865 1443 2932 desiderant.

490 2967 648 3031 Omnibus
681 2965 811 3052 quidem
850 2965 904 3052 qni
938 2967 1075 3050 pastoris
1110 2981 1258 3031 exercent
1292 2968 1443 3046 officinm,

487 3069 591 3153 gratia
605 3068 741 3132 debetur
755 3082 786 3132 et
802 3072 987 3144 reverentia,
1002 3082 1033 3132 et
1049 3070 1106 3153 qui
1123 3069 1291 3133 Christum
1302 3094 1443 3156 quacun-

488 3194 553 3255 que
575 3171 696 3234 ratione
712 3174 918 3246 annunciant,
941 3182 973 3233 et
989 3169 1113 3233 lucrum
1138 3171 1273 3247 sariunt,
1288 3195 1363 3237 cum
1386 3197 1443 3237 sua

488 3281 606 3343 tamen,
622 3282 653 3332 et
670 3291 728 3351 pro
748 3292 806 3333 sua
829 3270 977 3344 utilitate,
1001 3270 1176 3335 animarum
1199 3273 1394 3357 pastoribus,
1409 3288 1439 3338 et

486 3369 596 3433 salutis
618 3368 892 3452 dispensatoribus
920 3387 1149 3456 aggregentur,
1179 3374 1307 3460 sintque
1337 3376 1439 3455 amici,

412 3489 415 3494 ’
486 3469 549 3537 siut
564 3484 594 3534 et
618 3468 822 3549 venerabiles,
836 3484 867 3534 et
885 3483 1013 3556 patrum
1030 3473 1179 3537 laetentur
1202 3474 1344 3548 bonore;
1369 3491 1401 3541 et
1416 3478 1440 3540 si

486 3572 668 3640 mercenarii
684 3585 771 3650 sunt,
786 3572 930 3636 mercede
945 3597 1002 3637 sua
1019 3597 1068 3638 me
1084 3598 1246 3662 nunquam
1269 3576 1440 3661 privabun-

488 3694 544 3744 tur
560 3692 700 3744 auctore.
746 3676 879 3742 Utinam
896 3675 935 3738 sit
948 3675 980 3738 in
996 3675 1078 3749 istis,
1096 3677 1150 3762 qui
1168 3679 1301 3742 verbum
1320 3678 1383 3744 Dei
1399 3679 1442 3743 lo-

486 3796 616 3866 quatur,
642 3782 698 3866 qni
725 3779 860 3842 aedificet
886 3776 1047 3841 ecclesiam
1072 3778 1144 3854 Dei,
1170 3780 1220 3842 vel
1242 3779 1283 3843 ad
1307 3780 1441 3846 lucrum.

487 3884 559 3945 Non
576 3882 702 3944 invideo
719 3880 817 3955 lucro,
833 3878 857 3942 si
874 3899 969 3963 opera
978 3878 1179 3943 antecedant.
1226 3881 1289 3957 Qui
1307 3904 1381 3945 vero
1396 3881 1441 3946 sic

485 3981 608 4043 inhiant
625 3978 729 4053 lucris,
746 3993 781 4042 ut
797 4002 870 4064 quae
887 3978 1007 4043 Christi
1029 3992 1115 4055 sunt,
1133 3985 1281 4044 universa
1301 3995 1438 4046 contena-
1523 4034 1526 4040 .

484 4093 574 4157 nant,
589 4092 620 4143 et
641 4077 684 4140 sic
707 4099 763 4140 nec
785 4079 917 4142 haeresin
941 4079 1087 4159 doceant,
1103 4103 1159 4143 nec
1180 4084 1438 4147 contentionibus

484 4180 644 4245 ecclesiam
669 4178 825 4256 scindant,
840 4200 896 4240 nec
917 4181 1053 4264 pastoris
1069 4204 1125 4244 nec
1147 4184 1332 4248 mercenarii
1350 4184 1440 4270 digni

487 4298 561 4346 sunt
577 4306 632 4345 nec
648 4282 776 4358 bonore,
791 4302 848 4344 nec
863 4282 1000 4346 nomine.
1040 4284 1111 4346 Non
1130 4283 1244 4369 loquor
1258 4286 1300 4349 de
1316 4286 1438 4371 legatis.

485 4384 658 4451 Ecclesiam
673 4387 944 4469 Romanamque
957 4407 1070 4470 parens
1082 4390 1226 4468 (anctore
1240 4389 1323 4471 Deo)
1338 4404 1371 4454 et
1382 4412 1441 4454 nu-
