3867 5467
484 771 526 830 62
743 780 884 825 ruinius
900 778 1179 824 ssussusurussrs
1300 760 1386 841 [urs.
1403 782 1446 826 vr.

486 945 635 1018 corrupta
650 933 736 1019 apud
751 934 869 1011 Deum,
880 932 931 994 bis
945 930 1100 1015 reperitur
1114 930 1257 1012 indigua.
1293 932 1347 995 Tu
1359 953 1446 1015 ergo,

485 1036 542 1119 qui
564 1035 599 1099 id
620 1037 722 1099 habes
744 1033 854 1111 officii,
876 1053 982 1118 quiere
1005 1043 1038 1096 et
1059 1032 1164 1095 insere
1186 1033 1338 1111 humiles,
1353 1054 1445 1097 rause

487 1136 598 1219 glorioe
613 1146 645 1199 et
653 1134 801 1220 pecunie
817 1141 1065 1216 contemptores.
1110 1133 1177 1197 Sed
1192 1134 1289 1198 timeo
1297 1156 1354 1214 ne,
1369 1136 1446 1199 dum

485 1240 590 1323 pergis
604 1258 745 1324 quaerere
761 1259 833 1322 quae
849 1237 907 1313 vis,
923 1237 964 1299 ab
980 1234 1186 1318 imprudente
1209 1234 1316 1299 amico
1331 1237 1446 1301 audias

486 1362 559 1424 quae
581 1361 644 1404 non
667 1339 724 1402 vis.
768 1337 857 1410 Quid
877 1348 926 1401 est
946 1348 1036 1421 pater
1051 1334 1140 1419 quod
1159 1336 1293 1400 aliorum
1309 1336 1445 1402 discutis

486 1443 594 1519 vitam,
622 1450 655 1504 et
684 1452 715 1503 te
745 1439 850 1524 ipsum
881 1438 1011 1501 minimo
1040 1434 1274 1520 perscrutaris?
1320 1437 1444 1502 Omnes

486 1543 688 1630 applaudunt
710 1541 780 1618 tibi,
802 1554 891 1624 pater
912 1540 1055 1605 omnium
1079 1539 1205 1603 vocaris
1226 1551 1259 1603 et
1280 1537 1447 1606 domiuus,

487 1657 520 1710 et
541 1645 638 1729 capiti
660 1655 715 1707 tuo
736 1640 915 1705 infunditur
929 1660 1025 1705 omne
1040 1642 1146 1704 oleum
1169 1640 1365 1723 peccatoris.
1411 1636 1444 1702 Si

489 1767 566 1827 ergo
587 1755 677 1829 pater
695 1765 740 1822 es,
756 1763 853 1827 quare
876 1742 986 1805 atiliis
1000 1761 1141 1812 ,munera
1162 1752 1196 1805 et
1220 1740 1447 1804 retributiones

489 1843 666 1930 expectas?
705 1845 739 1909 si
756 1844 916 1921 dominus,
931 1864 1030 1927 quare
1045 1843 1202 1906 Romanis
1216 1841 1282 1905 tuis
1296 1842 1443 1906 timorem

489 1972 555 2015 nou
578 1948 706 2025 incutis,
722 1958 754 2011 ot
773 1947 949 2010 temeritate
968 1966 1121 2029 repressa,
1136 1965 1193 2008 eos
1208 1942 1249 2007 ad
1264 1943 1363 2007 fidem
1378 1966 1445 2009 nou

490 2050 644 2116 revocas?
682 2050 724 2111 At
754 2049 866 2111 urbem
894 2047 944 2109 vis
974 2047 1135 2110 Ecclesiae
1164 2046 1228 2109 tuis
1258 2046 1446 2109 munoribus

490 2170 686 2215 conservare.
731 2148 892 2233 Nunquid
917 2169 989 2212 eam
1015 2148 1062 2210 sic
1085 2142 1237 2210 silvester
1259 2146 1446 2210 muneribus

490 2248 681 2335 acquisivit?
706 2250 744 2311 lu
758 2248 846 2311 invio
862 2260 953 2331 pater
967 2267 1014 2323 es,
1026 2258 1059 2311 et
1072 2267 1138 2310 uon
1153 2247 1186 2308 in
1202 2246 1263 2309 riu.
1310 2246 1444 2310 Eisdem

490 2362 540 2416 est
567 2349 787 2414 conservande
821 2348 1019 2425 muneribus,
1049 2348 1167 2433 quibus
1197 2358 1249 2410 est
1277 2348 1446 2431 aequisita

491 2450 587 2525 Quod
613 2451 710 2532 gratis
735 2448 899 2533 accepisti,
922 2448 1021 2532 gratis
1047 2449 1134 2513 dato.
1178 2449 1310 2512 lustitia
1334 2450 1447 2529 regina

490 2553 640 2615 virtutum
665 2561 724 2628 est,
749 2561 781 2613 et
805 2551 966 2614 erubescit
991 2551 1105 2635 quovis
1135 2551 1237 2634 pretio
1262 2550 1445 2634 permutari.

492 2653 528 2718 Si
548 2652 685 2735 gratim
698 2652 802 2715 lutura
817 2662 877 2729 est,
892 2653 934 2715 sit
949 2652 1094 2733 gratuita.
1141 2653 1357 2736 Nequaquam
1372 2671 1444 2735 pro·

491 2756 641 2820 stituatur
669 2753 711 2817 od
747 2753 897 2837 pretium,
926 2774 998 2838 quse
1028 2753 1188 2836 corrumpi
1223 2773 1290 2816 nou
1327 2763 1448 2837 potest.

495 2860 625 2937 integro
652 2868 710 2932 est,
740 2866 773 2919 et
801 2875 928 2937 semper
956 2856 1150 2938 incorrupta.
1207 2855 1293 2917 Dum
1325 2852 1446 2936 premis

491 2958 583 3032 ulios,
604 2968 637 3018 et
657 2966 692 3017 tu
714 2954 840 3035 gravius
863 2954 1063 3037 opprimeris.
1120 2956 1206 3019 Risit
1229 2953 1394 3031 Pontifex,
1416 2964 1449 3016 et

493 3067 590 3120 mutae
613 3053 850 3133 congratulatus
872 3064 922 3116 est
943 3054 1092 3132 libertati,
1107 3055 1300 3138 precipiens
1315 3062 1353 3117 ut
1365 3074 1446 3138 quo·

494 3157 577 3220 tiens
592 3153 752 3217 sinistrum
764 3152 886 3236 aliquid
898 3153 939 3217 de
951 3155 1023 3237 ipso
1035 3157 1115 3218 meis
1129 3155 1260 3218 auribus
1273 3155 1449 3231 insonaret,

494 3258 558 3321 boo
573 3257 602 3319 ei
616 3254 684 3319 sine
696 3274 785 3317 moro
795 3256 993 3319 nunciarem.
1038 3258 1084 3319 Et
1099 3279 1198 3342 quum
1207 3256 1346 3341 plurimu
1359 3276 1447 3320 nunc

494 3377 552 3442 pro
567 3379 612 3435 se,
627 3376 715 3419 nuno
730 3367 841 3419 contra
856 3377 891 3419 se
906 3356 1136 3441 respondisset,
1148 3359 1321 3441 apologum
1336 3356 1447 3441 hujus·

494 3458 581 3524 modi
597 3458 676 3521 mibi
691 3459 865 3541 proposuit
912 3460 967 3522 Ait
981 3479 1075 3541 ergo:
1100 3459 1229 3523 Accidit
1244 3472 1281 3522 ut
1294 3458 1448 3522 adversus

495 3559 692 3625 stomachum
714 3560 857 3623 membro
877 3560 987 3624 omnia
1005 3561 1103 3625 totius
1122 3562 1268 3646 corporis
1282 3560 1447 3644 conspira-

494 3673 575 3742 rent,
589 3675 742 3746 touquam
757 3659 909 3725 adversus
924 3682 998 3725 eum
1013 3663 1068 3746 qui
1084 3663 1258 3726 voracitate
1277 3681 1337 3724 sun
1355 3660 1447 3723 iubo-

495 3788 544 3831 res
568 3765 710 3830 omnium
736 3763 926 3827 exhauriret.
973 3766 1048 3828 Non
1075 3765 1208 3828 satiatur
1231 3764 1346 3827 oculus
1367 3761 1449 3837 meu,

494 3888 555 3929 nec
571 3865 656 3928 auris
671 3862 793 3939 auditu,
808 3864 971 3928 laboribus
986 3866 1137 3929 insistunt
1151 3884 1277 3941 munus,
1290 3859 1393 3945 pedes
1406 3860 1448 3923 sb

494 3966 606 4027 itinere
628 3963 745 4025 cellum
771 3960 918 4041 induunt,
942 3965 1077 4050 ipsaque
1103 3966 1214 4047 lingua
1239 3963 1359 4026 utiliter
1383 3981 1449 4023 ser·

496 4084 622 4128 monem
651 4073 684 4125 et
714 4059 874 4125 silentium
910 4064 1099 4131 moderatur.
1160 4065 1276 4130 Omnia
1306 4063 1448 4145 denique

496 4167 637 4231 membru
662 4161 800 4247 publicis
829 4165 999 4248 invigilant
1025 4169 1215 4246 commodis,
1240 4179 1273 4230 et
1297 4168 1331 4229 in
1357 4177 1450 4229 tauta

496 4266 700 4331 solicitudine
716 4265 859 4329 omnium
874 4279 906 4330 et
926 4270 1045 4347 labore,
1061 4271 1149 4333 solus
1164 4269 1302 4353 quiescit
1317 4279 1450 4344 venter;

497 4379 530 4432 et
551 4388 649 4451 quum
669 4366 778 4430 omnia
798 4381 907 4450 parata
932 4372 1049 4434 suerint
1070 4394 1142 4454 quie
1165 4374 1256 4436 labor
1276 4370 1449 4452 multiplex
