<?xml version="1.0" encoding="UTF-8"?>
<!DOCTYPE html PUBLIC "-//W3C//DTD XHTML 1.0 Transitional//EN"
    "http://www.w3.org/TR/xhtml1/DTD/xhtml1-transitional.dtd">
<html xmlns="http://www.w3.org/1999/xhtml" xml:lang="en" lang="en">
 <head>
  <title>
</title>
<meta http-equiv="Content-Type" content="text/html;charset=utf-8" />
  <meta name='ocr-system' content='tesseract 3.04.00' />
  <meta name='ocr-capabilities' content='ocr_page ocr_carea ocr_par ocr_line ocrx_word'/>
</head>
<body>
  <div class='ocr_page' id='page_1' title='image "./operaomnianuncp00johngoog_0208.png"; bbox 0 0 3867 5467; ppageno 0'>
   <div class='ocr_carea' id='block_1_1' title="bbox 487 731 1471 821">
    <p class='ocr_par' dir='ltr' id='par_1_1' title="bbox 487 731 1471 821">
     <span class='ocr_line' id='line_1_1' title="bbox 487 731 1471 821; baseline 0.02 -34"><span class='ocrx_word' id='word_1_1' title='bbox 487 731 550 789; x_wconf 71' lang='lat'>900</span> <span class='ocrx_word' id='word_1_2' title='bbox 724 750 859 797; x_wconf 77' lang='lat' dir='ltr'><strong>JOANMS</strong></span> <span class='ocrx_word' id='word_1_3' title='bbox 876 752 1156 806; x_wconf 79' lang='lat' dir='ltr'>sannsnnnrassrs</span> <span class='ocrx_word' id='word_1_4' title='bbox 1280 740 1374 821; x_wconf 79' lang='lat' dir='ltr'>[ara.</span> <span class='ocrx_word' id='word_1_5' title='bbox 1391 761 1471 808; x_wconf 86' lang='lat' dir='ltr'>vrn.</span> 
     </span>
    </p>
   </div>
   <div class='ocr_carea' id='block_1_2' title="bbox 770 1196 1156 1263">
    <p class='ocr_par' dir='ltr' id='par_1_2' title="bbox 770 1196 1156 1263">
     <span class='ocr_line' id='line_1_2' title="bbox 770 1196 1156 1263; baseline 0.005 -2"><span class='ocrx_word' id='word_1_6' title='bbox 770 1196 914 1261; x_wconf 85' lang='lat' dir='ltr'>LIBER</span> <span class='ocrx_word' id='word_1_7' title='bbox 936 1196 1156 1263; x_wconf 86' lang='lat' dir='ltr'>OCTAVUS.</span> 
     </span>
    </p>
   </div>
   <div class='ocr_carea' id='block_1_3' title="bbox 870 1414 1053 1460">
    <p class='ocr_par' dir='ltr' id='par_1_3' title="bbox 870 1414 1053 1460">
     <span class='ocr_line' id='line_1_3' title="bbox 870 1414 1053 1460; baseline 0.011 -2"><span class='ocrx_word' id='word_1_8' title='bbox 870 1414 1053 1460; x_wconf 78' lang='lat' dir='ltr'>PROLOGUS.</span> 
     </span>
    </p>
   </div>
   <div class='ocr_carea' id='block_1_4' title="bbox 483 1531 1455 4470">
    <p class='ocr_par' dir='ltr' id='par_1_4' title="bbox 483 1531 1455 4470">
     <span class='ocr_line' id='line_1_4' title="bbox 534 1531 1455 1619; baseline 0.002 -18"><span class='ocrx_word' id='word_1_9' title='bbox 534 1539 667 1601; x_wconf 72' lang='lat' dir='ltr'>Sonans</span> <span class='ocrx_word' id='word_1_10' title='bbox 683 1534 736 1617; x_wconf 91' lang='lat' dir='ltr'>qni</span> <span class='ocrx_word' id='word_1_11' title='bbox 752 1552 837 1595; x_wconf 89' lang='lat' dir='ltr'>mare</span> <span class='ocrx_word' id='word_1_12' title='bbox 853 1531 1033 1613; x_wconf 76' lang='lat' dir='ltr'>enavigant,</span> <span class='ocrx_word' id='word_1_13' title='bbox 1049 1533 1113 1595; x_wconf 89' lang='lat' dir='ltr'>illis</span> <span class='ocrx_word' id='word_1_14' title='bbox 1127 1533 1249 1599; x_wconf 87' lang='lat' dir='ltr'>habere</span> <span class='ocrx_word' id='word_1_15' title='bbox 1266 1538 1407 1619; x_wconf 81' lang='lat' dir='ltr'>gratiam</span> <span class='ocrx_word' id='word_1_16' title='bbox 1423 1547 1455 1602; x_wconf 82' lang='lat' dir='ltr'>et</span> 
     </span>
     <span class='ocr_line' id='line_1_5' title="bbox 489 1632 1453 1721; baseline 0.001 -18"><span class='ocrx_word' id='word_1_17' title='bbox 489 1642 613 1714; x_wconf 80' lang='lat' dir='ltr'>referre,</span> <span class='ocrx_word' id='word_1_18' title='bbox 639 1657 774 1721; x_wconf 89' lang='lat' dir='ltr'>quorum</span> <span class='ocrx_word' id='word_1_19' title='bbox 803 1632 963 1697; x_wconf 83' lang='lat' dir='ltr'>beneficio</span> <span class='ocrx_word' id='word_1_20' title='bbox 989 1634 1135 1715; x_wconf 85' lang='lat' dir='ltr'>pericula</span> <span class='ocrx_word' id='word_1_21' title='bbox 1159 1653 1345 1703; x_wconf 79' lang='lat' dir='ltr'>evaserunt.</span> <span class='ocrx_word' id='word_1_22' title='bbox 1392 1643 1453 1704; x_wconf 82' lang='lat' dir='ltr'>Ac-</span> 
     </span>
     <span class='ocr_line' id='line_1_6' title="bbox 489 1739 1450 1824; baseline 0 -17"><span class='ocrx_word' id='word_1_23' title='bbox 489 1743 668 1807; x_wconf 86' lang='lat' dir='ltr'>cenduutur</span> <span class='ocrx_word' id='word_1_24' title='bbox 693 1741 798 1821; x_wconf 79' lang='lat' dir='ltr'>ignes,</span> <span class='ocrx_word' id='word_1_25' title='bbox 824 1740 981 1802; x_wconf 89' lang='lat' dir='ltr'>clamores</span> <span class='ocrx_word' id='word_1_26' title='bbox 1007 1739 1199 1819; x_wconf 81' lang='lat' dir='ltr'>excitantur,</span> <span class='ocrx_word' id='word_1_27' title='bbox 1222 1742 1397 1824; x_wconf 81' lang='lat' dir='ltr'>eriguntur</span> <span class='ocrx_word' id='word_1_28' title='bbox 1419 1756 1450 1806; x_wconf 87' lang='lat' dir='ltr'>et</span> 
     </span>
     <span class='ocr_line' id='line_1_7' title="bbox 488 1842 1450 1929; baseline 0.001 -21"><span class='ocrx_word' id='word_1_29' title='bbox 488 1846 589 1925; x_wconf 81' lang='lat' dir='ltr'>signa,</span> <span class='ocrx_word' id='word_1_30' title='bbox 630 1844 748 1927; x_wconf 92' lang='lat' dir='ltr'>quibus</span> <span class='ocrx_word' id='word_1_31' title='bbox 784 1842 923 1925; x_wconf 88' lang='lat' dir='ltr'>Scyllaea</span> <span class='ocrx_word' id='word_1_32' title='bbox 960 1862 1088 1923; x_wconf 79' lang='lat' dir='ltr'>vorago,</span> <span class='ocrx_word' id='word_1_33' title='bbox 1126 1844 1220 1907; x_wconf 88' lang='lat' dir='ltr'>turbo</span> <span class='ocrx_word' id='word_1_34' title='bbox 1251 1844 1450 1929; x_wconf 79' lang='lat' dir='ltr'>Charybdis,</span> 
     </span>
     <span class='ocr_line' id='line_1_8' title="bbox 489 1942 1449 2028; baseline 0.003 -21"><span class='ocrx_word' id='word_1_35' title='bbox 489 1967 569 2009; x_wconf 85' lang='lat' dir='ltr'>saxa</span> <span class='ocrx_word' id='word_1_36' title='bbox 594 1942 734 2024; x_wconf 90' lang='lat' dir='ltr'>latentia,</span> <span class='ocrx_word' id='word_1_37' title='bbox 760 1954 880 2007; x_wconf 87' lang='lat' dir='ltr'>tractus</span> <span class='ocrx_word' id='word_1_38' title='bbox 905 1954 937 2005; x_wconf 93' lang='lat' dir='ltr'>et</span> <span class='ocrx_word' id='word_1_39' title='bbox 960 1943 1113 2007; x_wconf 77' lang='lat' dir='ltr'>tenacitas</span> <span class='ocrx_word' id='word_1_40' title='bbox 1140 1945 1297 2028; x_wconf 85' lang='lat' dir='ltr'>Syrtium,</span> <span class='ocrx_word' id='word_1_41' title='bbox 1320 1969 1340 2010; x_wconf 87' lang='lat' dir='ltr'>a</span> <span class='ocrx_word' id='word_1_42' title='bbox 1364 1948 1449 2011; x_wconf 88' lang='lat' dir='ltr'>nari·</span> 
     </span>
     <span class='ocr_line' id='line_1_9' title="bbox 489 2044 1447 2133; baseline 0.002 -22"><span class='ocrx_word' id='word_1_43' title='bbox 489 2049 638 2129; x_wconf 55' lang='lat' dir='ltr'>&amp;antibus</span> <span class='ocrx_word' id='word_1_44' title='bbox 653 2058 772 2130; x_wconf 85' lang='lat' dir='ltr'>queant</span> <span class='ocrx_word' id='word_1_45' title='bbox 792 2046 959 2109; x_wconf 90' lang='lat' dir='ltr'>salubriter</span> <span class='ocrx_word' id='word_1_46' title='bbox 973 2044 1136 2109; x_wconf 90' lang='lat' dir='ltr'>declinari.</span> <span class='ocrx_word' id='word_1_47' title='bbox 1183 2048 1238 2112; x_wconf 90' lang='lat' dir='ltr'>Sic</span> <span class='ocrx_word' id='word_1_48' title='bbox 1262 2061 1296 2113; x_wconf 90' lang='lat' dir='ltr'>et</span> <span class='ocrx_word' id='word_1_49' title='bbox 1314 2049 1379 2125; x_wconf 90' lang='lat' dir='ltr'>his,</span> <span class='ocrx_word' id='word_1_50' title='bbox 1393 2050 1447 2133; x_wconf 86' lang='lat' dir='ltr'>qui</span> 
     </span>
     <span class='ocr_line' id='line_1_10' title="bbox 488 2147 1447 2233; baseline 0.001 -20"><span class='ocrx_word' id='word_1_51' title='bbox 488 2173 528 2213; x_wconf 90' lang='lat' dir='ltr'>ea</span> <span class='ocrx_word' id='word_1_52' title='bbox 557 2149 720 2212; x_wconf 87' lang='lat' dir='ltr'>imminere</span> <span class='ocrx_word' id='word_1_53' title='bbox 751 2147 955 2225; x_wconf 86' lang='lat' dir='ltr'>denunciant,</span> <span class='ocrx_word' id='word_1_54' title='bbox 985 2148 1103 2230; x_wconf 92' lang='lat' dir='ltr'>quibus</span> <span class='ocrx_word' id='word_1_55' title='bbox 1132 2149 1219 2213; x_wconf 88' lang='lat' dir='ltr'>salus</span> <span class='ocrx_word' id='word_1_56' title='bbox 1247 2150 1447 2233; x_wconf 86' lang='lat' dir='ltr'>periclitatur</span> 
     </span>
     <span class='ocr_line' id='line_1_11' title="bbox 488 2247 1445 2337; baseline 0.001 -22"><span class='ocrx_word' id='word_1_57' title='bbox 488 2252 640 2331; x_wconf 89' lang='lat' dir='ltr'>humana,</span> <span class='ocrx_word' id='word_1_58' title='bbox 654 2250 829 2315; x_wconf 85' lang='lat' dir='ltr'>rectissime</span> <span class='ocrx_word' id='word_1_59' title='bbox 851 2250 950 2332; x_wconf 82' lang='lat' dir='ltr'>gratia</span> <span class='ocrx_word' id='word_1_60' title='bbox 969 2247 1105 2313; x_wconf 91' lang='lat' dir='ltr'>debetur</span> <span class='ocrx_word' id='word_1_61' title='bbox 1124 2269 1164 2315; x_wconf 89' lang='lat' dir='ltr'>ex</span> <span class='ocrx_word' id='word_1_62' title='bbox 1184 2253 1315 2316; x_wconf 84' lang='lat' dir='ltr'>merito:</span> <span class='ocrx_word' id='word_1_63' title='bbox 1339 2265 1373 2316; x_wconf 87' lang='lat' dir='ltr'>et</span> <span class='ocrx_word' id='word_1_64' title='bbox 1392 2253 1445 2337; x_wconf 88' lang='lat' dir='ltr'>qui</span> 
     </span>
     <span class='ocr_line' id='line_1_12' title="bbox 488 2351 1445 2435; baseline 0 -19"><span class='ocrx_word' id='word_1_65' title='bbox 488 2375 558 2418; x_wconf 87' lang='lat' dir='ltr'>cam</span> <span class='ocrx_word' id='word_1_66' title='bbox 588 2354 781 2418; x_wconf 88' lang='lat' dir='ltr'>merentibus</span> <span class='ocrx_word' id='word_1_67' title='bbox 814 2373 879 2415; x_wconf 90' lang='lat' dir='ltr'>non</span> <span class='ocrx_word' id='word_1_68' title='bbox 913 2351 1070 2435; x_wconf 88' lang='lat' dir='ltr'>rependit,</span> <span class='ocrx_word' id='word_1_69' title='bbox 1102 2352 1245 2435; x_wconf 81' lang='lat' dir='ltr'>ingratus</span> <span class='ocrx_word' id='word_1_70' title='bbox 1282 2354 1445 2430; x_wconf 84' lang='lat' dir='ltr'>beneficii,</span> 
     </span>
     <span class='ocr_line' id='line_1_13' title="bbox 489 2452 1443 2536; baseline -0.001 -19"><span class='ocrx_word' id='word_1_71' title='bbox 489 2456 606 2535; x_wconf 81' lang='lat' dir='ltr'>dignus</span> <span class='ocrx_word' id='word_1_72' title='bbox 621 2467 672 2517; x_wconf 88' lang='lat' dir='ltr'>est</span> <span class='ocrx_word' id='word_1_73' title='bbox 682 2453 791 2516; x_wconf 89' lang='lat' dir='ltr'>salutis</span> <span class='ocrx_word' id='word_1_74' title='bbox 802 2452 1005 2536; x_wconf 86' lang='lat' dir='ltr'>dispendium</span> <span class='ocrx_word' id='word_1_75' title='bbox 1018 2453 1181 2517; x_wconf 85' lang='lat' dir='ltr'>sustinere.</span> <span class='ocrx_word' id='word_1_76' title='bbox 1216 2453 1324 2518; x_wconf 89' lang='lat' dir='ltr'>Nemo</span> <span class='ocrx_word' id='word_1_77' title='bbox 1339 2468 1443 2519; x_wconf 85' lang='lat' dir='ltr'>autem</span> 
     </span>
     <span class='ocr_line' id='line_1_14' title="bbox 489 2552 1442 2641; baseline -0.002 -21"><span class='ocrx_word' id='word_1_78' title='bbox 489 2566 546 2633; x_wconf 86' lang='lat' dir='ltr'>est,</span> <span class='ocrx_word' id='word_1_79' title='bbox 574 2556 627 2640; x_wconf 91' lang='lat' dir='ltr'>qui</span> <span class='ocrx_word' id='word_1_80' title='bbox 658 2552 791 2618; x_wconf 89' lang='lat' dir='ltr'>salutem</span> <span class='ocrx_word' id='word_1_81' title='bbox 819 2555 904 2617; x_wconf 84' lang='lat' dir='ltr'>vitiis</span> <span class='ocrx_word' id='word_1_82' title='bbox 934 2555 1059 2618; x_wconf 89' lang='lat' dir='ltr'>nesciat</span> <span class='ocrx_word' id='word_1_83' title='bbox 1085 2556 1242 2640; x_wconf 88' lang='lat' dir='ltr'>impediri,</span> <span class='ocrx_word' id='word_1_84' title='bbox 1268 2578 1372 2641; x_wconf 85' lang='lat' dir='ltr'>eaque</span> <span class='ocrx_word' id='word_1_85' title='bbox 1400 2577 1442 2620; x_wconf 83' lang='lat' dir='ltr'>ex</span> 
     </span>
     <span class='ocr_line' id='line_1_15' title="bbox 489 2657 1443 2743; baseline 0.001 -21"><span class='ocrx_word' id='word_1_86' title='bbox 489 2680 595 2722; x_wconf 89' lang='lat' dir='ltr'>amore</span> <span class='ocrx_word' id='word_1_87' title='bbox 611 2660 824 2742; x_wconf 87' lang='lat' dir='ltr'>proximorum</span> <span class='ocrx_word' id='word_1_88' title='bbox 840 2657 941 2720; x_wconf 87' lang='lat' dir='ltr'>notari</span> <span class='ocrx_word' id='word_1_89' title='bbox 958 2657 999 2721; x_wconf 94' lang='lat' dir='ltr'>ad</span> <span class='ocrx_word' id='word_1_90' title='bbox 1020 2659 1137 2740; x_wconf 83' lang='lat' dir='ltr'>sugam,</span> <span class='ocrx_word' id='word_1_91' title='bbox 1151 2659 1284 2743; x_wconf 87' lang='lat' dir='ltr'>publice</span> <span class='ocrx_word' id='word_1_92' title='bbox 1303 2660 1443 2724; x_wconf 82' lang='lat' dir='ltr'>interest.</span> 
     </span>
     <span class='ocr_line' id='line_1_16' title="bbox 490 2759 1443 2845; baseline -0.001 -22"><span class='ocrx_word' id='word_1_93' title='bbox 490 2764 565 2824; x_wconf 81' lang='lat' dir='ltr'>vita</span> <span class='ocrx_word' id='word_1_94' title='bbox 594 2762 752 2844; x_wconf 85' lang='lat' dir='ltr'>siquidem</span> <span class='ocrx_word' id='word_1_95' title='bbox 783 2760 932 2835; x_wconf 88' lang='lat' dir='ltr'>humana,</span> <span class='ocrx_word' id='word_1_96' title='bbox 962 2759 1099 2842; x_wconf 87' lang='lat' dir='ltr'>quodvis</span> <span class='ocrx_word' id='word_1_97' title='bbox 1129 2761 1207 2823; x_wconf 88' lang='lat' dir='ltr'>sreto</span> <span class='ocrx_word' id='word_1_98' title='bbox 1237 2762 1443 2845; x_wconf 89' lang='lat' dir='ltr'>procellosior</span> 
     </span>
     <span class='ocr_line' id='line_1_17' title="bbox 489 2858 1442 2945; baseline 0.001 -21"><span class='ocrx_word' id='word_1_99' title='bbox 489 2873 548 2937; x_wconf 79' lang='lat' dir='ltr'>est,</span> <span class='ocrx_word' id='word_1_100' title='bbox 571 2885 630 2925; x_wconf 87' lang='lat' dir='ltr'>nec</span> <span class='ocrx_word' id='word_1_101' title='bbox 654 2872 789 2945; x_wconf 87' lang='lat' dir='ltr'>possunt</span> <span class='ocrx_word' id='word_1_102' title='bbox 812 2860 901 2923; x_wconf 79' lang='lat' dir='ltr'>vitari</span> <span class='ocrx_word' id='word_1_103' title='bbox 925 2858 1118 2935; x_wconf 88' lang='lat' dir='ltr'>discrimina,</span> <span class='ocrx_word' id='word_1_104' title='bbox 1139 2862 1201 2924; x_wconf 91' lang='lat' dir='ltr'>nisi</span> <span class='ocrx_word' id='word_1_105' title='bbox 1226 2861 1295 2925; x_wconf 91' lang='lat' dir='ltr'>suis</span> <span class='ocrx_word' id='word_1_106' title='bbox 1321 2861 1442 2925; x_wconf 89' lang='lat' dir='ltr'>denun-</span> 
     </span>
     <span class='ocr_line' id='line_1_18' title="bbox 488 2958 1442 3046; baseline -0.001 -19"><span class='ocrx_word' id='word_1_107' title='bbox 488 2964 613 3027; x_wconf 92' lang='lat' dir='ltr'>cientur</span> <span class='ocrx_word' id='word_1_108' title='bbox 641 2962 779 3025; x_wconf 91' lang='lat' dir='ltr'>indiciis.</span> <span class='ocrx_word' id='word_1_109' title='bbox 834 2960 884 3023; x_wconf 90' lang='lat' dir='ltr'>Ad</span> <span class='ocrx_word' id='word_1_110' title='bbox 913 2960 999 3024; x_wconf 91' lang='lat' dir='ltr'>hanc</span> <span class='ocrx_word' id='word_1_111' title='bbox 1027 2982 1101 3025; x_wconf 87' lang='lat' dir='ltr'>vero</span> <span class='ocrx_word' id='word_1_112' title='bbox 1130 2983 1272 3045; x_wconf 88' lang='lat' dir='ltr'>operam,</span> <span class='ocrx_word' id='word_1_113' title='bbox 1303 2958 1442 3046; x_wconf 73' lang='lat' dir='ltr'>publicae</span> 
     </span>
     <span class='ocr_line' id='line_1_19' title="bbox 489 3060 1440 3145; baseline 0 -16"><span class='ocrx_word' id='word_1_114' title='bbox 489 3061 644 3142; x_wconf 86' lang='lat' dir='ltr'>utilitatis,</span> <span class='ocrx_word' id='word_1_115' title='bbox 659 3075 691 3127; x_wconf 88' lang='lat' dir='ltr'>et</span> <span class='ocrx_word' id='word_1_116' title='bbox 705 3075 767 3126; x_wconf 86' lang='lat' dir='ltr'>tnae</span> <span class='ocrx_word' id='word_1_117' title='bbox 777 3060 933 3145; x_wconf 83' lang='lat' dir='ltr'>jussionis</span> <span class='ocrx_word' id='word_1_118' title='bbox 948 3063 1083 3126; x_wconf 88' lang='lat' dir='ltr'>stimulis</span> <span class='ocrx_word' id='word_1_119' title='bbox 1097 3084 1222 3145; x_wconf 81' lang='lat' dir='ltr'>urgeor,</span> <span class='ocrx_word' id='word_1_120' title='bbox 1236 3064 1316 3128; x_wconf 85' lang='lat' dir='ltr'>licet</span> <span class='ocrx_word' id='word_1_121' title='bbox 1337 3066 1370 3127; x_wconf 90' lang='lat' dir='ltr'>in</span> <span class='ocrx_word' id='word_1_122' title='bbox 1391 3087 1440 3129; x_wconf 89' lang='lat' dir='ltr'>me</span> 
     </span>
     <span class='ocr_line' id='line_1_20' title="bbox 489 3164 1442 3250; baseline -0.001 -20"><span class='ocrx_word' id='word_1_123' title='bbox 489 3167 568 3230; x_wconf 91' lang='lat' dir='ltr'>nihil</span> <span class='ocrx_word' id='word_1_124' title='bbox 578 3187 760 3247; x_wconf 82' lang='lat' dir='ltr'>agnoscam,</span> <span class='ocrx_word' id='word_1_125' title='bbox 773 3164 859 3250; x_wconf 93' lang='lat' dir='ltr'>quod</span> <span class='ocrx_word' id='word_1_126' title='bbox 870 3164 1078 3227; x_wconf 85' lang='lat' dir='ltr'>attentionem</span> <span class='ocrx_word' id='word_1_127' title='bbox 1090 3175 1241 3247; x_wconf 82' lang='lat' dir='ltr'>provocet</span> <span class='ocrx_word' id='word_1_128' title='bbox 1253 3164 1442 3229; x_wconf 88' lang='lat' dir='ltr'>auditorum.</span> 
     </span>
     <span class='ocr_line' id='line_1_21' title="bbox 491 3264 1442 3348; baseline 0.007 -22"><span class='ocrx_word' id='word_1_129' title='bbox 491 3266 600 3327; x_wconf 93' lang='lat' dir='ltr'>Homo</span> <span class='ocrx_word' id='word_1_130' title='bbox 630 3264 773 3348; x_wconf 92' lang='lat' dir='ltr'>undique</span> <span class='ocrx_word' id='word_1_131' title='bbox 803 3266 991 3328; x_wconf 91' lang='lat' dir='ltr'>immunitus</span> <span class='ocrx_word' id='word_1_132' title='bbox 1021 3277 1053 3329; x_wconf 90' lang='lat' dir='ltr'>et</span> <span class='ocrx_word' id='word_1_133' title='bbox 1076 3265 1275 3345; x_wconf 85' lang='lat' dir='ltr'>imminutus,</span> <span class='ocrx_word' id='word_1_134' title='bbox 1297 3267 1351 3331; x_wconf 89' lang='lat' dir='ltr'>cni</span> <span class='ocrx_word' id='word_1_135' title='bbox 1380 3288 1442 3332; x_wconf 86' lang='lat' dir='ltr'>nec</span> 
     </span>
     <span class='ocr_line' id='line_1_22' title="bbox 489 3364 1441 3446; baseline 0.007 -20"><span class='ocrx_word' id='word_1_136' title='bbox 489 3366 555 3427; x_wconf 85' lang='lat' dir='ltr'>rita</span> <span class='ocrx_word' id='word_1_137' title='bbox 570 3364 611 3428; x_wconf 89' lang='lat' dir='ltr'>ad</span> <span class='ocrx_word' id='word_1_138' title='bbox 627 3365 870 3441; x_wconf 88' lang='lat' dir='ltr'>conscientiam,</span> <span class='ocrx_word' id='word_1_139' title='bbox 885 3386 946 3428; x_wconf 92' lang='lat' dir='ltr'>nec</span> <span class='ocrx_word' id='word_1_140' title='bbox 966 3366 1008 3429; x_wconf 93' lang='lat' dir='ltr'>ad</span> <span class='ocrx_word' id='word_1_141' title='bbox 1029 3366 1205 3430; x_wconf 91' lang='lat' dir='ltr'>doctrinam</span> <span class='ocrx_word' id='word_1_142' title='bbox 1221 3368 1366 3446; x_wconf 84' lang='lat' dir='ltr'>scientia,</span> <span class='ocrx_word' id='word_1_143' title='bbox 1381 3389 1441 3432; x_wconf 85' lang='lat' dir='ltr'>nec</span> 
     </span>
     <span class='ocr_line' id='line_1_23' title="bbox 488 3464 1441 3554; baseline 0.006 -26"><span class='ocrx_word' id='word_1_144' title='bbox 488 3487 585 3548; x_wconf 89' lang='lat' dir='ltr'>opera</span> <span class='ocrx_word' id='word_1_145' title='bbox 600 3475 776 3549; x_wconf 87' lang='lat' dir='ltr'>suppetunt</span> <span class='ocrx_word' id='word_1_146' title='bbox 797 3464 838 3527; x_wconf 92' lang='lat' dir='ltr'>ad</span> <span class='ocrx_word' id='word_1_147' title='bbox 855 3468 1053 3549; x_wconf 85' lang='lat' dir='ltr'>exemplum.</span> <span class='ocrx_word' id='word_1_148' title='bbox 1098 3467 1195 3531; x_wconf 90' lang='lat' dir='ltr'>Unde</span> <span class='ocrx_word' id='word_1_149' title='bbox 1215 3468 1251 3531; x_wconf 92' lang='lat' dir='ltr'>in</span> <span class='ocrx_word' id='word_1_150' title='bbox 1271 3490 1324 3531; x_wconf 90' lang='lat' dir='ltr'>me</span> <span class='ocrx_word' id='word_1_151' title='bbox 1338 3491 1357 3532; x_wconf 90' lang='lat' dir='ltr'>a</span> <span class='ocrx_word' id='word_1_152' title='bbox 1369 3471 1441 3554; x_wconf 90' lang='lat' dir='ltr'>plu·</span> 
     </span>
     <span class='ocr_line' id='line_1_24' title="bbox 489 3568 1441 3655; baseline 0.002 -22"><span class='ocrx_word' id='word_1_153' title='bbox 489 3570 577 3634; x_wconf 84' lang='lat' dir='ltr'>rimis</span> <span class='ocrx_word' id='word_1_154' title='bbox 604 3569 821 3634; x_wconf 85' lang='lat' dir='ltr'>conclamatur·</span> <span class='ocrx_word' id='word_1_155' title='bbox 843 3580 878 3631; x_wconf 91' lang='lat' dir='ltr'>ut</span> <span class='ocrx_word' id='word_1_156' title='bbox 904 3579 1039 3647; x_wconf 89' lang='lat' dir='ltr'>taccam,</span> <span class='ocrx_word' id='word_1_157' title='bbox 1059 3568 1243 3633; x_wconf 86' lang='lat' dir='ltr'>dicentibus</span> <span class='ocrx_word' id='word_1_158' title='bbox 1269 3570 1355 3655; x_wconf 91' lang='lat' dir='ltr'>quod</span> <span class='ocrx_word' id='word_1_159' title='bbox 1380 3593 1441 3635; x_wconf 86' lang='lat' dir='ltr'>nec</span> 
     </span>
     <span class='ocr_line' id='line_1_25' title="bbox 487 3671 1441 3757; baseline 0.003 -20"><span class='ocrx_word' id='word_1_160' title='bbox 487 3675 583 3740; x_wconf 87' lang='lat' dir='ltr'>etiam</span> <span class='ocrx_word' id='word_1_161' title='bbox 614 3673 737 3738; x_wconf 83' lang='lat' dir='ltr'>virtutis</span> <span class='ocrx_word' id='word_1_162' title='bbox 766 3672 909 3756; x_wconf 88' lang='lat' dir='ltr'>speciosa</span> <span class='ocrx_word' id='word_1_163' title='bbox 939 3671 1009 3733; x_wconf 87' lang='lat' dir='ltr'>laus</span> <span class='ocrx_word' id='word_1_164' title='bbox 1035 3672 1142 3735; x_wconf 88' lang='lat' dir='ltr'>estin</span> <span class='ocrx_word' id='word_1_165' title='bbox 1170 3694 1224 3736; x_wconf 90' lang='lat' dir='ltr'>ore</span> <span class='ocrx_word' id='word_1_166' title='bbox 1253 3674 1441 3757; x_wconf 86' lang='lat' dir='ltr'>peccatoris.</span> 
     </span>
     <span class='ocr_line' id='line_1_26' title="bbox 487 3772 1441 3859; baseline 0 -19"><span class='ocrx_word' id='word_1_167' title='bbox 487 3777 562 3841; x_wconf 90' lang='lat' dir='ltr'>Hoc</span> <span class='ocrx_word' id='word_1_168' title='bbox 585 3777 619 3839; x_wconf 91' lang='lat' dir='ltr'>hi</span> <span class='ocrx_word' id='word_1_169' title='bbox 641 3777 700 3841; x_wconf 89' lang='lat' dir='ltr'>soli</span> <span class='ocrx_word' id='word_1_170' title='bbox 723 3772 857 3853; x_wconf 83' lang='lat' dir='ltr'>faciunt,</span> <span class='ocrx_word' id='word_1_171' title='bbox 877 3774 992 3859; x_wconf 88' lang='lat' dir='ltr'>quibus</span> <span class='ocrx_word' id='word_1_172' title='bbox 1014 3774 1092 3837; x_wconf 81' lang='lat' dir='ltr'>vitia</span> <span class='ocrx_word' id='word_1_173' title='bbox 1113 3775 1254 3858; x_wconf 91' lang='lat' dir='ltr'>placent,</span> <span class='ocrx_word' id='word_1_174' title='bbox 1277 3786 1441 3840; x_wconf 83' lang='lat' dir='ltr'>currentes</span> 
     </span>
     <span class='ocr_line' id='line_1_27' title="bbox 485 3878 1443 3963; baseline 0.002 -24"><span class='ocrx_word' id='word_1_175' title='bbox 485 3878 517 3939; x_wconf 94' lang='lat' dir='ltr'>in</span> <span class='ocrx_word' id='word_1_176' title='bbox 553 3890 696 3954; x_wconf 87' lang='lat' dir='ltr'>mortem,</span> <span class='ocrx_word' id='word_1_177' title='bbox 726 3879 855 3941; x_wconf 89' lang='lat' dir='ltr'>nemine</span> <span class='ocrx_word' id='word_1_178' title='bbox 890 3888 1069 3952; x_wconf 81' lang='lat' dir='ltr'>revocante,</span> <span class='ocrx_word' id='word_1_179' title='bbox 1099 3889 1154 3941; x_wconf 89' lang='lat' dir='ltr'>aut</span> <span class='ocrx_word' id='word_1_180' title='bbox 1188 3878 1244 3963; x_wconf 92' lang='lat' dir='ltr'>qui</span> <span class='ocrx_word' id='word_1_181' title='bbox 1281 3880 1443 3943; x_wconf 83' lang='lat' dir='ltr'>salvantur</span> 
     </span>
     <span class='ocr_line' id='line_1_28' title="bbox 485 3977 1442 4065; baseline 0.008 -27"><span class='ocrx_word' id='word_1_182' title='bbox 485 3978 588 4038; x_wconf 88' lang='lat' dir='ltr'>inviti.</span> <span class='ocrx_word' id='word_1_183' title='bbox 626 3980 710 4041; x_wconf 89' lang='lat' dir='ltr'>Nam</span> <span class='ocrx_word' id='word_1_184' title='bbox 736 3980 853 4061; x_wconf 90' lang='lat' dir='ltr'>quibus</span> <span class='ocrx_word' id='word_1_185' title='bbox 877 3977 963 4043; x_wconf 91' lang='lat' dir='ltr'>bona</span> <span class='ocrx_word' id='word_1_186' title='bbox 986 3980 1126 4063; x_wconf 88' lang='lat' dir='ltr'>placent,</span> <span class='ocrx_word' id='word_1_187' title='bbox 1148 4002 1214 4043; x_wconf 93' lang='lat' dir='ltr'>non</span> <span class='ocrx_word' id='word_1_188' title='bbox 1240 4002 1259 4044; x_wconf 89' lang='lat' dir='ltr'>a</span> <span class='ocrx_word' id='word_1_189' title='bbox 1285 4002 1362 4065; x_wconf 90' lang='lat' dir='ltr'>quo,</span> <span class='ocrx_word' id='word_1_190' title='bbox 1383 3980 1442 4045; x_wconf 86' lang='lat' dir='ltr'>sed</span> 
     </span>
     <span class='ocr_line' id='line_1_29' title="bbox 484 4076 1443 4162; baseline 0.009 -24"><span class='ocrx_word' id='word_1_191' title='bbox 484 4076 563 4162; x_wconf 88' lang='lat' dir='ltr'>qnid</span> <span class='ocrx_word' id='word_1_192' title='bbox 587 4076 711 4140; x_wconf 89' lang='lat' dir='ltr'>dicatur</span> <span class='ocrx_word' id='word_1_193' title='bbox 732 4080 910 4158; x_wconf 88' lang='lat' dir='ltr'>attendunt,</span> <span class='ocrx_word' id='word_1_194' title='bbox 933 4092 966 4144; x_wconf 87' lang='lat' dir='ltr'>et</span> <span class='ocrx_word' id='word_1_195' title='bbox 988 4102 1031 4143; x_wconf 88' lang='lat' dir='ltr'>cx</span> <span class='ocrx_word' id='word_1_196' title='bbox 1054 4082 1170 4158; x_wconf 88' lang='lat' dir='ltr'>causis,</span> <span class='ocrx_word' id='word_1_197' title='bbox 1192 4080 1331 4145; x_wconf 89' lang='lat' dir='ltr'>dicentis</span> <span class='ocrx_word' id='word_1_198' title='bbox 1353 4082 1443 4147; x_wconf 81' lang='lat' dir='ltr'>dicta</span> 
     </span>
     <span class='ocr_line' id='line_1_30' title="bbox 483 4181 1440 4268; baseline 0.007 -27"><span class='ocrx_word' id='word_1_199' title='bbox 483 4190 663 4263; x_wconf 81' lang='lat' dir='ltr'>pensantes,</span> <span class='ocrx_word' id='word_1_200' title='bbox 675 4193 797 4261; x_wconf 83' lang='lat' dir='ltr'>gratum</span> <span class='ocrx_word' id='word_1_201' title='bbox 813 4181 932 4245; x_wconf 84' lang='lat' dir='ltr'>habent</span> <span class='ocrx_word' id='word_1_202' title='bbox 946 4182 1102 4268; x_wconf 91' lang='lat' dir='ltr'>quicquid</span> <span class='ocrx_word' id='word_1_203' title='bbox 1119 4184 1335 4267; x_wconf 89' lang='lat' dir='ltr'>undecunque</span> <span class='ocrx_word' id='word_1_204' title='bbox 1350 4185 1440 4250; x_wconf 89' lang='lat' dir='ltr'>elici-</span> 
     </span>
     <span class='ocr_line' id='line_1_31' title="bbox 484 4281 1443 4370; baseline 0.004 -26"><span class='ocrx_word' id='word_1_205' title='bbox 484 4293 551 4344; x_wconf 91' lang='lat' dir='ltr'>tum</span> <span class='ocrx_word' id='word_1_206' title='bbox 573 4282 700 4366; x_wconf 81' lang='lat' dir='ltr'>proficit</span> <span class='ocrx_word' id='word_1_207' title='bbox 715 4281 756 4345; x_wconf 89' lang='lat' dir='ltr'>ad</span> <span class='ocrx_word' id='word_1_208' title='bbox 778 4282 938 4347; x_wconf 85' lang='lat' dir='ltr'>virtutum.</span> <span class='ocrx_word' id='word_1_209' title='bbox 978 4286 1053 4348; x_wconf 94' lang='lat' dir='ltr'>Non</span> <span class='ocrx_word' id='word_1_210' title='bbox 1069 4307 1146 4368; x_wconf 80' lang='lat' dir='ltr'>ergo</span> <span class='ocrx_word' id='word_1_211' title='bbox 1169 4286 1252 4370; x_wconf 82' lang='lat' dir='ltr'>quis,</span> <span class='ocrx_word' id='word_1_212' title='bbox 1268 4285 1326 4350; x_wconf 88' lang='lat' dir='ltr'>sed</span> <span class='ocrx_word' id='word_1_213' title='bbox 1351 4285 1443 4370; x_wconf 91' lang='lat' dir='ltr'>quid,</span> 
     </span>
     <span class='ocr_line' id='line_1_32' title="bbox 484 4382 1442 4470; baseline 0.005 -23"><span class='ocrx_word' id='word_1_214' title='bbox 484 4404 585 4470; x_wconf 84' lang='lat' dir='ltr'>quave</span> <span class='ocrx_word' id='word_1_215' title='bbox 610 4382 649 4446; x_wconf 87' lang='lat' dir='ltr'>‹lc</span> <span class='ocrx_word' id='word_1_216' title='bbox 673 4406 769 4447; x_wconf 88' lang='lat' dir='ltr'>causa</span> <span class='ocrx_word' id='word_1_217' title='bbox 789 4384 937 4458; x_wconf 88' lang='lat' dir='ltr'>scribam,</span> <span class='ocrx_word' id='word_1_218' title='bbox 953 4383 1091 4468; x_wconf 86' lang='lat' dir='ltr'>diligens</span> <span class='ocrx_word' id='word_1_219' title='bbox 1111 4387 1213 4449; x_wconf 90' lang='lat' dir='ltr'>lector</span> <span class='ocrx_word' id='word_1_220' title='bbox 1232 4384 1390 4464; x_wconf 86' lang='lat' dir='ltr'>attendat,</span> <span class='ocrx_word' id='word_1_221' title='bbox 1408 4404 1442 4452; x_wconf 85' lang='lat' dir='ltr'>et</span> 
     </span>
    </p>
   </div>
   <div class='ocr_carea' id='block_1_5' title="bbox 0 0 1938 5467">
    <p class='ocr_par' dir='ltr' id='par_1_5' title="bbox 0 0 1938 5467">
     <span class='ocr_line' id='line_1_33' title="bbox 0 0 1938 5467; baseline 0 3"><span class='ocrx_word' id='word_1_222' title='bbox 0 0 1938 5467; x_wconf 95' lang='lat' dir='ltr'> </span> 
     </span>
    </p>
   </div>
  </div>
 </body>
</html>
