3867 5467
489 755 527 815 lt
742 768 879 813 soausrs
894 768 1163 815 sanrsserususrs
1296 751 1381 830 [nra.
1399 770 1447 816 vr.

486 944 550 1006 que
565 942 642 985 usus
656 919 818 986 maximus
833 931 892 1000 est,
907 923 1025 1006 quibus
1044 922 1146 988 bostis
1161 923 1287 988 eminus
1299 922 1443 998 laeditur,

487 1031 542 1086 aut
577 1031 730 1097 terretur3
770 1035 803 1086 et
838 1024 992 1088 exercitio
1029 1046 1150 1101 eorum,
1178 1024 1308 1089 lacertis
1344 1024 1446 1086 robur

487 1122 652 1199 accrescit,
680 1133 713 1186 et
743 1121 912 1206 jaculandi
949 1123 1064 1207 peritia
1093 1133 1189 1207 atque
1217 1144 1294 1186 usus
1330 1122 1445 1206 acqui·

486 1224 571 1288 titur.
619 1224 694 1286 Hoc
717 1234 822 1286 autern
846 1223 927 1301 tanti
948 1223 1095 1286 exercitii
1117 1221 1247 1286 assidua
1276 1221 1443 1285 meditatio

487 1324 681 1402 conferebat,
702 1334 738 1386 ut
766 1323 800 1387 in
829 1325 966 1388 tumultu
991 1324 1111 1387 bellico
1139 1323 1257 1387 utiliter
1279 1342 1443 1385 versaren-

486 1433 538 1485 tur
559 1423 721 1508 intrepidi,
744 1423 855 1508 quiin
879 1444 959 1507 pace
988 1424 1114 1486 suerunt
1135 1432 1200 1485 tarn
1222 1420 1367 1485 studiose
1389 1422 1441 1486 in·

486 1525 607 1589 structi.
652 1524 751 1588 Filias
766 1544 894 1608 quoque
909 1522 1027 1603 legitur
1041 1521 1192 1605 praelatus
1208 1523 1371 1605 Angustus
1392 1521 1440 1585 sic

485 1627 520 1689 in
534 1626 678 1689 lanificio
697 1626 812 1688 fecisse
832 1623 970 1700 institui,
984 1636 1020 1687 ut
1041 1626 1067 1687 si
1087 1636 1200 1706 prater
1219 1645 1310 1707 spem
1331 1644 1386 1686 eas
1404 1623 1440 1686 in

486 1740 663 1790 extremam
692 1735 913 1808 paupertatem
951 1725 1079 1788 fortuna
1114 1726 1312 1808 projecisset,
1341 1725 1438 1789 sitam

485 1838 619 1911 possent
634 1835 699 1889 arte
715 1823 863 1887 deductis
878 1825 1083 1888 facultatibus
1096 1825 1260 1888 exhibere.
1305 1825 1392 1887 Nam
1406 1835 1439 1888 et

485 1927 595 2004 nendi,
620 1925 764 2001 texendi,
790 1935 822 1988 et
847 1946 942 1988 acum
967 1926 1152 2005 exercendi,
1179 1938 1347 2010 vestesque
1375 1926 1438 1989 for·

485 2025 606 2104 mandi,
620 2024 776 2106 fingendi,
798 2023 1026 2107 componendi,
1042 2045 1107 2089 non
1129 2024 1226 2089 modo
1250 2038 1361 2102 artem,
1382 2025 1440 2090 sed

487 2147 579 2190 usum
604 2125 777 2198 habebunt,
795 2136 827 2188 et
850 2123 1126 2188 consuetudinem.
1172 2127 1292 2210 Utique
1307 2127 1360 2211 qui
1376 2126 1443 2190 otia

485 2246 552 2289 non
578 2223 767 2305 indulgebat
791 2223 977 2305 virginibus,
1004 2245 1207 2310 nequaquam
1234 2228 1440 2310 permittebat

486 2325 603 2389 milites
637 2325 739 2402 otiari,
769 2345 905 2407 quorum
942 2324 1098 2405 professio
1132 2327 1278 2391 instituta
1312 2338 1362 2391 est
1397 2326 1439 2391 ad

485 2426 639 2489 laborem.
684 2425 756 2489 Nec
772 2424 868 2488 credo
879 2446 951 2488 eum
968 2424 1009 2487 de
1021 2426 1159 2489 molliori
1174 2426 1288 2490 habitu
1303 2426 1439 2490 militum

486 2523 625 2605 gloriari,
649 2521 810 2606 adquam
832 2523 894 2586 nisi
917 2522 1066 2586 severiori
1093 2527 1181 2588 vultu
1207 2538 1239 2589 et
1263 2526 1438 2589 honestiori

485 2625 598 2689 babitu
620 2624 783 2704 accedere,
806 2624 874 2687 filia
895 2644 960 2686 non
984 2623 1133 2688 audebat.
1178 2626 1330 2690 Lucanus
1351 2627 1439 2691 brevi

486 2724 627 2810 quodam
646 2725 807 2809 praeconio
828 2722 1034 2787 commendat
1056 2723 1223 2803 Catonem,
1238 2736 1271 2789 et
1292 2725 1439 2789 militiam

486 2827 716 2902 Romanorum,
738 2825 894 2909 adjiciens
916 2825 999 2887 inter
1021 2836 1146 2904 caetera,
1169 2825 1259 2909 quod
1280 2825 1310 2889 ei
1332 2826 1439 2889 vestiri

485 2925 587 2989 suerat
601 2925 741 3006 pretiose

591 3033 699 3085 Hirtam
710 3033 827 3085 membra
838 3050 924 3104 super,
937 3032 1051 3086 Romani
1063 3052 1136 3089 more
1147 3036 1264 3101 Quiritis,

592 3118 732 3172 induxisse
745 3122 843 3186 togam.

486 3239 582 3312 Quod
603 3239 745 3323 prolecto
765 3260 830 3302 non
854 3239 986 3319 diceret,
1001 3239 1064 3303 nisi
1087 3240 1222 3305 durioris
1244 3251 1329 3323 toga
1352 3262 1439 3318 usus,

485 3340 527 3406 dc
549 3341 709 3413 Quiritum
737 3340 970 3404 consuetudine
992 3342 1208 3423 processisset.
1255 3342 1320 3406 Sed
1340 3341 1438 3405 modo

486 3442 542 3525 qui
571 3441 720 3505 mollibus
750 3442 934 3517 vestiuntur,
965 3441 999 3505 in
1028 3442 1178 3505 domibus
1213 3464 1322 3525 regum
1351 3451 1439 3518 sunt,

485 3542 550 3606 imo
573 3542 606 3605 in
630 3542 752 3619 castris,
774 3553 807 3605 et
828 3542 875 3605 sic
898 3541 941 3605 ad
963 3543 1049 3605 bella
1070 3542 1260 3625 procedunt,
1282 3544 1373 3627 quasi
1395 3543 1439 3606 ad

485 3643 615 3728 nuptias
628 3643 779 3707 dealbati·
822 3643 953 3724 Magnis
968 3644 1109 3727 antiqua
1125 3644 1248 3707 militia
1263 3642 1439 3727 privilegiis

485 3764 521 3808 se
539 3755 677 3823 tuentur,
692 3743 843 3829 quoniam
865 3744 900 3805 in
923 3764 962 3806 eo
982 3742 1147 3806 imitantur
1161 3743 1332 3827 plurimum
1348 3740 1438 3826 quod

479 3841 553 3925 jura
570 3844 728 3924 ignorant.
772 3844 817 3905 Et
835 3842 898 3904 hoc
920 3840 1050 3924 quidem
1073 3843 1239 3905 tolerabile
1261 3851 1356 3917 esset,
1372 3839 1438 3904 nisi

485 3961 577 4021 arque
603 3940 728 4001 divinas
753 3950 786 4002 et
814 3939 971 4002 humanus
997 3951 1238 4006 contemnerent
1263 3943 1363 4023 leges,
1390 3949 1436 4017 ut,

485 4038 564 4101 velis
579 4038 674 4110 nolis,
691 4036 870 4117 Satyricum
886 4037 966 4101 illud
983 4039 1040 4102 tibi
1055 4041 1235 4125 frequenter
1249 4054 1406 4115 occurrat,

591 4164 768 4218 Dinomaches
781 4183 831 4233 ego
843 4183 909 4231 nrm,
922 4167 1011 4221 suilla:
1025 4189 1082 4224 sum
1094 4174 1226 4237 madidus,
1239 4180 1305 4227 esto.

590 4250 661 4304 Dum
671 4266 723 4303 noa
734 4248 847 4303 deterius
858 4253 943 4324 sapiat
956 4253 1089 4310 Pannucia
1101 4257 1207 4321 Rauda

589 4332 677 4397 Quum
687 4332 754 4387 bena
766 4334 889 4389 dischcto
901 4341 1044 4392 nutaverit
1055 4356 1146 4407 ocyma
1157 4357 1257 4394 verna:
