3867 5467
580 758 643 816 312
838 766 976 812 rotulus
992 764 1272 810 saaesnearansrs
1372 750 1462 824 [ara.
1479 767 1549 812 rnr.

579 922 659 985 lanis
673 918 912 1005 operiebamini,
926 929 958 979 et
974 914 1063 1001 quod
1085 938 1226 979 crassum
1243 929 1315 981 erat
1336 916 1543 990 occidebatis,

578 1043 708 1106 gregem
726 1032 831 1083 autem
851 1040 957 1081 meum
975 1040 1036 1081 non
1053 1018 1240 1104 pascebatis.
1265 1019 1365 1096 Quod
1383 1019 1542 1082 infirmum

482 1175 484 1180 .
578 1123 642 1186 suit
659 1145 720 1186 non
737 1120 969 1195 consolidastis,
981 1133 1013 1184 et
1029 1120 1115 1205 quod
1133 1133 1304 1204 aegrotum,
1318 1143 1384 1183 non
1400 1122 1542 1194 sanastis,

577 1222 666 1306 quod
696 1222 834 1285 fractum
865 1237 924 1298 est,
954 1242 1016 1283 non
1052 1219 1222 1305 alligastis,
1249 1220 1341 1307 quod
1369 1222 1538 1307 abjectum,

579 1346 642 1387 non
674 1323 857 1399 reduxistis,
881 1320 970 1409 quod
1001 1327 1149 1407 perierat,
1171 1345 1232 1385 non
1265 1307 1462 1409 requisistis,
1487 1322 1536 1386 aed

580 1448 654 1490 cum
684 1425 869 1491 austeritate
898 1425 1104 1511 imperabatis
1129 1428 1185 1499 eis,
1210 1438 1243 1489 et
1271 1448 1346 1489 cum
1378 1425 1536 1511 potentia;

581 1542 612 1591 et
630 1530 780 1615 ‹lispersre
797 1540 872 1591 sunt
887 1549 962 1589 ores
977 1548 1068 1600 nteae,
1084 1549 1121 1588 eo
1137 1526 1224 1610 quod
1243 1548 1305 1589 non
1322 1543 1407 1591 esset
1423 1540 1538 1613 pastor,

580 1642 611 1692 et
629 1629 806 1692 l'aetaesunt
818 1628 849 1690 in
863 1627 1101 1691 devorationem
1114 1625 1257 1690 omnium
1271 1627 1449 1692 bestiarum
1462 1628 1538 1710 agri,

580 1743 612 1794 et
628 1730 782 1815 dispersae
797 1741 881 1793 sunt.
927 1727 1013 1801 Quid
1031 1728 1089 1791 sibi
1106 1727 1195 1792 aliud
1213 1728 1324 1791 adesse
1336 1728 1442 1799 docet.
1461 1731 1536 1792 Eae-

579 1831 689 1895 obielis
709 1832 777 1897 baec
795 1845 827 1895 ct
844 1830 1043 1916 imprecatio,
1061 1843 1092 1893 et
1114 1828 1302 1916 increpatio,
1325 1831 1387 1895 nisi
1409 1830 1535 1917 pastori-

580 1933 640 1996 bus
651 1934 759 1997 abesse
771 1957 845 2018 quae
859 1931 969 1995 adesse
979 1931 1167 2007 debuerant,
1177 1945 1209 1996 et
1225 1932 1336 1996 adesse
1346 1957 1422 2019 quae
1431 1934 1535 1997 abesse

580 2033 748 2117 oportuit?
777 2035 950 2118 Propterea
972 2033 1040 2097 baec
1062 2031 1140 2095 dicit
1166 2033 1345 2097 Dominus:
1375 2037 1460 2097 Ecce
1479 2056 1534 2117 ego

578 2136 645 2221 ipse
671 2157 769 2221 super
791 2151 943 2221 pastores,
966 2151 998 2199 et
1023 2137 1182 2223 requiram
1210 2158 1340 2221 gregem
1367 2160 1471 2200 meum
1497 2137 1533 2199 de

580 2261 674 2303 manu
686 2261 807 2318 eorum,
816 2251 848 2301 et
858 2261 979 2302 cessare
989 2263 1042 2304 eos
1052 2238 1177 2315 faciam,
1187 2253 1222 2301 ut
1232 2237 1321 2302 ultra
1329 2260 1394 2302 non
1407 2253 1534 2326 pascant

581 2363 707 2425 gregem
730 2363 848 2416 meum,
873 2363 928 2403 nec
953 2354 1084 2425 pascant
1104 2340 1241 2426 amplius
1263 2354 1410 2426 pastores
1427 2353 1534 2404 semet·

580 2443 666 2528 ipsos
691 2457 723 2507 et
755 2443 895 2508 liberabo
920 2464 1049 2525 gregem
1076 2465 1181 2504 meum
1214 2441 1253 2505 de
1279 2465 1335 2505 ore
1362 2465 1480 2519 eorum,
1502 2456 1533 2504 et

580 2567 642 2608 non
675 2547 733 2608 erit
765 2544 851 2607 ultra
880 2545 911 2606 iu
939 2566 1042 2607 escam
1069 2543 1121 2607 eis.
1189 2544 1303 2607 Nonne
1335 2544 1531 2629 tyrannidem

581 2646 747 2710 sacerdotii
779 2645 905 2710 ridetur
930 2648 1106 2730 exprimere
1136 2645 1349 2721 manifestam,
1377 2659 1410 2709 et
1441 2645 1532 2708 vitam

579 2747 706 2811 illorum
737 2746 920 2832 depingere,
947 2745 1004 2830 qui
1034 2746 1064 2807 in
1091 2744 1239 2809 omnibus
1265 2769 1339 2831 quae
1364 2768 1425 2810 sua
1454 2761 1534 2822 sunt,

580 2859 742 2931 quaerunt,
773 2860 805 2910 et
835 2870 909 2931 quae
935 2847 1015 2909 Jesu
1043 2845 1162 2911 Christi
1194 2862 1280 2921 sunt,
1310 2860 1383 2929 post
1411 2861 1532 2933 tergunt

580 2949 720 3013 faciunt?
760 2949 924 3033 Siquidem
949 2970 1009 3011 non
1035 2970 1152 3023 meunt,
1175 2948 1230 3011 sed
1254 2948 1394 3012 alienum
1422 2965 1481 3027 est,
1502 2964 1532 3013 et

577 3052 719 3136 prolecto
748 3050 943 3115 intemerata
973 3050 1116 3114 veritatis
1144 3049 1321 3125 oraculum,
1349 3074 1417 3136 quo
1446 3051 1530 3137 apud

577 3153 763 3215 familiarem
783 3151 942 3215 Altissimi
966 3152 1050 3215 inter
1065 3152 1291 3215 mercenarium
1309 3165 1482 3237 pastorem,
1499 3166 1529 3217 et

575 3253 691 3326 furem,
721 3251 900 3315 differentia
930 3253 1097 3316 manifesta
1133 3253 1360 3340 praescribitur.
1423 3259 1530 3320 Bonus

574 3351 657 3415 enim
684 3366 793 3436 pastor
817 3354 951 3414 animam
984 3377 1074 3417 sunm
1103 3353 1192 3439 ponit
1224 3378 1283 3440 pro
1311 3357 1430 3420 ovibus
1458 3357 1529 3421 suis.

577 3453 680 3539 Cujus
696 3451 720 3515 si
737 3450 853 3536 quoeris
864 3449 1016 3528 officium,
1029 3455 1115 3537 apud
1128 3455 1329 3540 jamdictum
1344 3456 1529 3542 propbetatu

576 3556 729 3621 invenies:
777 3555 861 3618 Ecce
890 3574 952 3638 ego
981 3554 1050 3641 ipse
1080 3558 1240 3642 requiram
1271 3580 1347 3621 oves
1376 3581 1473 3633 meas,
1498 3572 1530 3622 et

576 3661 713 3725 visitabo
727 3683 791 3735 eas,
808 3658 887 3722 sicut
913 3657 1017 3722 risitat
1041 3671 1149 3743 pastor
1163 3680 1292 3745 gregem
1309 3682 1419 3734 suum,
1434 3660 1530 3723 indie

575 3765 708 3850 quando
723 3762 817 3828 fuerit
834 3763 866 3826 in
888 3761 995 3825 medio
1014 3760 1120 3824 ovium
1144 3783 1273 3825 suarum
1294 3761 1529 3848 dissipatarum.

575 3865 722 3928 Educam
752 3887 805 3927 eas
834 3863 874 3926 de
904 3868 998 3942 nube,
1024 3872 1055 3924 et
1083 3864 1286 3947 congregabo
1315 3862 1357 3927 tle
1386 3863 1529 3947 caligine,

574 3964 722 4028 inducam
740 3986 793 4025 eas
810 3965 841 4026 in
864 3978 979 4029 terram
1002 3987 1102 4039 suam,
1118 3977 1149 4028 et
1170 3986 1298 4050 pascam
1322 3988 1376 4029 eas
1392 3965 1423 4028 in
1440 3986 1528 4028 mon·

573 4066 661 4130 tibus
684 4062 793 4137 Israel,
814 4065 843 4126 in
864 4065 950 4139 rivis,
972 4080 1004 4129 et
1023 4066 1053 4129 in
1074 4066 1195 4131 cunctis
1218 4066 1350 4131 sedibus
1371 4082 1474 4143 terrae,
1495 4067 1527 4131 in

575 4168 698 4255 pascuis
715 4164 892 4239 uberrimis,
909 4166 938 4227 in
962 4167 1124 4231 montibus
1146 4168 1278 4232 excelsis
1296 4183 1392 4234 erunt
1413 4191 1531 4254 pascua

572 4293 693 4346 earum,
710 4268 906 4354 requiescent
924 4269 954 4331 in
977 4268 1082 4332 lterbis
1104 4270 1291 4347 virentibus,
1308 4286 1339 4334 et
1356 4272 1388 4334 in
1405 4270 1530 4357 pascuis

574 4371 748 4457 pinguibus
776 4384 943 4455 pascentur
970 4393 1065 4457 super
1092 4387 1214 4436 montes
1245 4374 1352 4437 lsrael.
1400 4376 1530 4447 l‘ascam
