3867 5467
487 761 547 819 192
739 769 875 813 anxurus
891 765 1170 813 saansnaarnnsrs
1283 747 1371 833 [nra.
1390 770 1446 814 vn.

484 924 589 988 turbae
613 933 724 1004 spirite
747 933 921 994 consertus,
948 918 1117 1003 benignius
1140 918 1322 986 audiretur.
1363 922 1446 985 Sane

483 1024 589 1088 Julius
616 1023 734 1095 Caesar,
761 1020 872 1084 audita
899 1020 1031 1086 Catonis
1056 1036 1170 1099 morte,
1198 1020 1330 1085 tandem
1358 1043 1444 1084 eom-

484 1147 595 1210 passus
610 1137 658 1185 est
675 1121 836 1184 laboribus
850 1137 883 1186 et
903 1120 1054 1185 aerumnis
1068 1121 1213 1196 extincti,
1229 1136 1261 1186 et
1277 1121 1447 1206 egregium

484 1228 581 1290 civem
614 1224 706 1287 rebus
733 1223 879 1286 humanis
908 1222 1038 1288 deflevit
1068 1238 1265 1310 exemptum.
1310 1223 1441 1289 Publice

485 1343 589 1394 tamen
606 1326 767 1389 confessus
781 1338 839 1400 est,
856 1324 943 1409 quod
959 1338 991 1388 et
1007 1328 1089 1390 Cato
1105 1325 1216 1389 virtuti
1233 1326 1307 1411 ejus
1321 1325 1441 1389 invide·

484 1445 546 1505 rat,
558 1442 590 1493 et
606 1426 691 1512 quod
708 1426 775 1512 ipse
788 1428 921 1490 Catonis
936 1426 1048 1509 gtoriae
1059 1426 1233 1491 invidebat.
1264 1429 1352 1500 Quae
1367 1448 1439 1488 vero

485 1532 526 1596 ad
549 1530 684 1615 gratiam
708 1530 774 1590 sine
797 1526 917 1591 invidia
939 1529 991 1589 via
1009 1526 1248 1612 expeditissima
1272 1527 1328 1604 sit,
1347 1550 1437 1592 senex

486 1636 578 1698 docet
599 1631 629 1693 in
648 1629 781 1709 Andria,
796 1627 874 1693 dum
897 1628 998 1691 filium
1019 1628 1166 1694 omnibus
1180 1628 1330 1714 obsequi,
1347 1629 1441 1692 nemi-

486 1757 556 1799 nem
574 1731 689 1795 laedere
705 1730 810 1793 refert.
842 1731 896 1794 Ait
909 1752 1039 1814 quoque
1050 1730 1220 1816 sequendae
1232 1730 1442 1796 beatitudinis

488 1848 578 1921 pater
601 1833 812 1917 Augustinus,
828 1831 906 1917 quia
925 1831 1051 1895 dentem
1070 1833 1217 1895 caninum
1236 1831 1286 1895 vel
1308 1831 1440 1897 evitabit

486 1936 669 2002 cautissima
684 1934 859 2008 humilitas,
877 1933 924 1996 vel
940 1933 1090 1997 retundet
1109 1934 1301 1999 solidissima
1316 1936 1441 2000 veritas.

488 2038 558 2103 Alia
572 2036 730 2121 siquidem
747 2038 876 2113 virtute,
887 2058 980 2098 nemo
994 2035 1197 2101 detractionis
1210 2036 1353 2103 declinat
1370 2061 1442 2103 uru-

486 2140 562 2217 leos‚
573 2137 682 2201 liberae
698 2150 802 2200 tamen
820 2136 1068 2222 reprehensionis
1082 2137 1249 2213 medelam,
1263 2162 1341 2204 sana
1356 2164 1443 2205 mens

487 2241 616 2305 minime
641 2252 838 2324 aspernatur.
883 2242 973 2303 Licet
993 2240 1068 2325 jure
1089 2240 1228 2304 convitia
1252 2241 1443 2326 puniantur,

487 2341 664 2424 famosique
680 2338 789 2402 libelli.
828 2343 911 2404 Nam

593 2456 622 2507 si
634 2454 702 2506 mala
714 2454 857 2506 condiderit
868 2456 893 2506 in
906 2471 983 2521 quem
995 2456 1052 2523 quis
1064 2456 1187 2516 earmina,
1195 2456 1242 2526 jus
1253 2461 1294 2507 est

592 2540 787 2608 Judiciumque:

488 2661 520 2711 et
532 2644 911 2710 adversuscunvitiatores
924 2645 992 2728 jam
1005 2644 1127 2728 pridem
1143 2649 1163 2679 ‘⁴
1176 2644 1225 2709 lex
1239 2656 1288 2710 est
1301 2662 1444 2734 accepta,

488 2746 687 2828 chorusque’'
702 2742 742 2806 de
758 2745 865 2828 inepta
881 2743 1007 2807 licentia
1022 2744 1298 2829 praesumentium,
1313 2761 1348 2811 et
1368 2748 1446 2812 abu-

489 2862 637 2924 tensum,

594 2963 716 3033 Turpiter
727 2964 844 3027 obticuit,
856 2962 957 3016 sublato
963 2966 1022 3035 jure
1033 2965 1150 3018 nocendi.

490 3195 570 3276 Cap.
586 3198 638 3255 25.
661 3193 714 3255 De
735 3194 890 3256 libertatis
903 3215 1011 3258 amore
1021 3203 1053 3258 et
1058 3198 1192 3276 facore:
1213 3205 1243 3259 e!
1256 3197 1298 3259 de
1311 3200 1375 3276 tis,
1390 3203 1447 3283 qui

531 3292 624 3353 libere
638 3294 735 3369 dieta,
750 3297 889 3373 potienti
903 3298 1012 3358 animo
1026 3298 1161 3375 merjmee
1175 3299 1338 3362 tulerint:
1362 3304 1447 3364 etde

531 3395 713 3480 dysereatt'o
729 3394 864 3457 loedorioe
880 3404 911 3459 et
925 3401 1111 3462 scommatis.

532 3539 703 3602 Linuaras
730 3556 805 3620 ergo
837 3538 877 3601 de
898 3541 1032 3622 singulis
1064 3563 1122 3625 pro
1153 3543 1284 3607 arbitrio
1305 3545 1445 3629 judicat,

488 3650 522 3705 et
537 3664 609 3728 quae
625 3640 710 3705 sanis
722 3639 808 3704 videt
823 3640 965 3704 moribus
979 3643 1118 3722 obviare,
1129 3646 1364 3728 reprehendere
1378 3670 1442 3714 uon

490 3756 621 3809 veretur.
658 3744 749 3807 Nihil
765 3753 871 3807 autem
888 3744 1058 3825 gloriosius
1076 3747 1234 3820 libertate,
1250 3762 1368 3831 praeter
1383 3751 1441 3813 vir·

488 3858 600 3921 tutem,
622 3845 647 3906 si
670 3856 775 3908 temen
801 3846 931 3908 libertas
954 3857 1041 3909 recte
1068 3869 1087 3910 a
1114 3848 1229 3911 virtute
1254 3849 1442 3934 sejungitur.

489 3944 647 4006 Omnibus
663 3944 747 4004 enirn
764 3957 847 4005 reete
869 3945 1069 4027 sapientibus
1091 3949 1201 4031 liquet,
1217 3951 1297 4032 quia
1310 3952 1443 4016 libertas

489 4041 931 4126 veraaiiundenonprovenit.
952 4048 1059 4128 Unde,
1068 4051 1143 4133 quia
1152 4072 1311 4116 summum
1321 4055 1441 4118 meum

489 4146 522 4207 in
533 4143 597 4206 vita
606 4153 730 4205 constat
739 4165 807 4206 esse
819 4147 976 4225 sir-tatem,
986 4160 1019 4212 et
1030 4174 1101 4235 quae
1113 4153 1181 4216 sola
1193 4175 1298 4234 grave,
1308 4156 1341 4219 et
1351 4156 1442 4221 odio·

488 4266 558 4308 sum
574 4243 734 4307 servitutis
755 4248 877 4311 excutit
885 4249 1011 4333 jugum,
1029 4275 1085 4337 pro
1100 4254 1225 4333 virtute,
1240 4279 1315 4341 quae
1335 4258 1442 4341 singu·

486 4345 562 4410 laris
571 4345 696 4409 vivendi
707 4367 801 4411 cansa
810 4352 1118 4432 est‚moriendum,si
1128 4356 1445 4437 ingruitnecessitas‚
