3867 5467
589 789 648 848 tou
845 798 982 843 ronanus
998 797 1274 843 sraesaatuessrs
1384 782 1475 866 [tra.
1494 806 1550 850 ru.

589 952 735 1035 Pompeii
761 952 981 1020 venditionem
1010 951 1247 1035 exprobrando,
1275 963 1313 1017 ut
1343 976 1363 1018 a
1393 957 1552 1021 tribunali

585 1062 835 1118 summoveretur
849 1064 1017 1130 meruerat,
1032 1052 1089 1115 sed
1105 1053 1185 1116 illud
1199 1055 1271 1137 ipsa
1293 1057 1551 1121 mansuetudine

586 1156 696 1219 mitius
711 1165 891 1236 pertusas
907 1154 1047 1216 alienum
1065 1155 1220 1237 Pompeii,
1234 1177 1277 1218 ex
1289 1177 1353 1218 suo
1370 1156 1455 1220 fiseo
1471 1159 1550 1220 solii

585 1258 688 1320 iussit.
727 1255 911 1317 Pisistratus
924 1256 1165 1317 Atheniensium
1178 1269 1347 1337 tyrannus,
1358 1280 1462 1342 quum
1475 1280 1548 1322 enm

587 1381 668 1423 uxor
688 1360 870 1432 hortaretur,
891 1369 926 1419 nt
949 1358 1087 1440 capitale
1110 1359 1306 1441 supplicium
1337 1371 1485 1423 sumeret
1507 1360 1546 1423 de

586 1462 801 1532 adolescente,
818 1460 872 1542 qui
889 1459 963 1521 fitiae
987 1460 1056 1542 ejus
1079 1481 1184 1523 amore
1207 1482 1401 1540 succensus,
1417 1485 1492 1527 eam
1513 1466 1545 1527 in

587 1565 636 1625 ria
649 1562 779 1643 publica
790 1559 917 1622 obviam
929 1560 1031 1622 fuerat
1041 1562 1213 1637 osculatus,
1223 1562 1416 1644 respondit:
1443 1564 1479 1627 Si
1492 1587 1546 1629 eos

585 1665 639 1748 qui
657 1685 714 1725 nos
731 1675 836 1725 amant
847 1662 1067 1735 interficimus,
1080 1662 1160 1745 quid
1175 1663 1332 1727 faciemus
1348 1665 1414 1742 his,
1427 1668 1544 1748 quibus

585 1761 797 1828 odiostrrnus?
824 1762 896 1826 Vox
907 1764 1128 1846 quidern,cire
1138 1763 1274 1846 dignior,
1285 1786 1386 1848 quam
1397 1777 1545 1850 tyranno,

586 1889 659 1951 quae
675 1882 707 1930 et
722 1867 796 1929 fitiae
812 1866 1015 1929 laudabiliter
1031 1867 1103 1929 tulit
1121 1866 1280 1950 injuriam,
1295 1879 1331 1930 et
1345 1868 1543 1933 laudabilius

585 1992 684 2033 suam.
730 1968 820 2031 ldem
844 1990 862 2030 a
886 1967 1072 2051 Thrasippo
1088 1969 1193 2031 amico
1209 1969 1367 2032 conviciis
1389 1970 1425 2032 in
1451 1994 1544 2037 coeue

583 2071 653 2132 sine
669 2070 733 2131 fine
749 2069 913 2142 laceratus,
930 2080 962 2129 et
977 2068 1118 2129 animum
1134 2079 1166 2130 et
1180 2088 1293 2131 rocem
1315 2070 1359 2131 ab
1385 2070 1436 2134 ira
1454 2073 1542 2136 cohi·

585 2172 674 2234 huit:
710 2183 742 2233 et
761 2170 838 2232 licet
864 2190 936 2232 eurn
964 2170 1165 2251 Thrasippus
1190 2170 1313 2252 impetu
1341 2174 1541 2237 temulentie

583 2286 679 2354 sputo
696 2273 729 2334 in
745 2292 782 2333 os
797 2271 865 2353 eius
881 2270 999 2354 injecto
1022 2272 1215 2352 resperserit,
1230 2271 1316 2334 filios
1331 2282 1367 2335 et
1386 2274 1540 2340 familiam

584 2375 625 2437 ab
637 2374 756 2436 ultione
768 2372 906 2450 retraxit,
915 2384 1107 2456 posteroque
1118 2371 1170 2434 die
1181 2373 1375 2455 supplicem,
1385 2386 1419 2438 et
1429 2379 1541 2440 roluu'·

585 2474 694 2537 tariarn
711 2471 750 2535 de
765 2491 798 2534 se
814 2487 946 2536 mortem
960 2473 1154 2554 exigentem,
1167 2472 1242 2536 data
1257 2473 1332 2549 fide,
1346 2476 1380 2538 in
1396 2478 1538 2558 pristine

586 2575 718 2659 gradum
738 2574 883 2638 amicitie
907 2571 1038 2657 recepit.
1084 2574 1303 2638 Nobilissimis
1322 2577 1465 2657 civibus,
1481 2580 1539 2643 sor·

586 2692 673 2743 tuuoe
697 2689 803 2741 tamen
832 2675 977 2760 disparis,
1001 2698 1020 2738 a
1045 2686 1158 2739 senatu
1187 2676 1349 2759 Hispania
1374 2677 1538 2761 provincie

586 2780 804 2861 delegabatur,
817 2775 967 2840 audiente
985 2776 1096 2837 Servio
1111 2774 1247 2858 Sulpitio
1264 2777 1379 2840 humili
1391 2780 1471 2858 riro,
1482 2780 1536 2843 sed

586 2882 738 2944 liberrimi
753 2881 892 2964 spiritus.
930 2882 1037 2950 Quum
1053 2898 1127 2959 ergo
1143 2878 1265 2940 senatui
1282 2879 1381 2942 etiam
1398 2884 1537 2966 populus

587 2982 785 3065 praestitisset
814 3002 988 3056 assensum,
1017 2995 1163 3043 neutrum
1194 2979 1277 3043 mitti
1305 2979 1385 3045 mihi
1419 2984 1537 3066 placet,

585 3081 692 3162 inquit
718 3082 883 3162 Sulpitius,
910 3080 1061 3163 quoniam
1092 3082 1172 3144 alter
1201 3081 1281 3142 nihil
1313 3081 1422 3161 habet,
1447 3085 1537 3147 alteri

585 3182 663 3243 nihil
674 3197 723 3243 est
731 3183 825 3257 satis;
850 3204 941 3264 aeque
954 3183 1067 3244 uralatn
1077 3183 1205 3245 licentis
1214 3181 1338 3264 imperii
1352 3185 1536 3266 magistram

579 3280 733 3365 judicans
748 3282 888 3362 inopiam
913 3294 1008 3362 atque
1031 3281 1203 3344 avaritiam.
1248 3283 1433 3347 Romanum
1459 3307 1536 3370 quo-

585 3405 647 3467 que
670 3379 845 3456 consulent,
868 3383 1014 3456 Brutum,
1034 3384 1207 3446 Lusitaniae
1232 3384 1470 3466 imperatorem,
1492 3389 1536 3451 le·

584 3498 677 3567 gatus
693 3483 891 3558 Cinniorum,
903 3482 1053 3547 adversus
1069 3486 1249 3548 Romanurn
1265 3485 1435 3569 imperinm
1452 3509 1536 3552 arma

585 3585 799 3659 tractantium,
825 3584 910 3645 rerbi
941 3585 1094 3664 gravitate
1124 3587 1261 3649 movisse
1292 3600 1450 3669 potuerat,
1475 3589 1537 3652 uisi

586 3691 752 3753 Romanus
782 3696 876 3763 esset,
899 3686 1048 3769 quoniam
1073 3687 1148 3749 huic
1178 3689 1299 3770 populo
1325 3709 1392 3771 prae
1416 3692 1538 3754 caeteris

585 3791 761 3853 moderatio
778 3810 902 3870 semper
913 3790 1018 3850 amica
1032 3787 1099 3850 l'uit
1145 3791 1251 3861 Quum
1267 3790 1350 3852 enirn
1368 3791 1480 3855 cinnii
1496 3791 1537 3855 ad

585 3891 838 3969 redemptionem
862 3889 1017 3951 libertatis
1038 3890 1257 3968 invitarentur,
1272 3892 1400 3972 legatus
1421 3893 1536 3955 serrum

585 3990 646 4050 sibi
677 4010 696 4049 a
726 3988 909 4068 majoribus,
939 4011 1003 4072 quo
1038 3990 1149 4053 urbem
1185 4004 1358 4069 tuerentur,
1388 3995 1535 4057 relictum

585 4108 655 4150 esso
694 4086 869 4167 respondit,
904 4109 967 4150 nou
1008 4113 1130 4166 aurum,
1165 4112 1228 4174 quo
1266 4094 1307 4156 ab
1345 4094 1537 4176 imperatore

583 4209 678 4251 avaro
704 4202 847 4251 emerent
874 4189 1064 4253 libertatern.
1120 4193 1306 4256 Paschelius
1335 4196 1465 4272 Junius,
1493 4197 1538 4258 rir

586 4311 708 4353 strrnma
723 4292 878 4368 libertate,
894 4293 1055 4375 multaque
1078 4294 1222 4370 scientie,
1238 4304 1270 4355 et
1291 4294 1379 4357 domi
1395 4296 1537 4381 forisque

584 4393 698 4468 clarus,
729 4392 784 4454 sed
815 4392 848 4453 in
878 4394 947 4454 solo
976 4395 1226 4477 philosophandi
1257 4394 1374 4490 studio,
1402 4398 1537 4488 interto-
