3867 5467
578 764 641 822 att
835 769 973 815 tossxrs
988 766 1270 813 slansuanrnxsrs
1367 749 1458 829 [ara.
1476 771 1547 815 mn.

578 948 646 992 aare
672 924 837 1009 aliquanto
866 920 993 985 facilius
1021 932 1080 995 est,
1107 941 1201 1004 quarn
1228 918 1344 986 vitare.
1395 922 1484 986 Nam
1514 938 1544 987 et

578 1007 726 1091 volumen
753 1022 841 1108 quod
871 1023 1034 1109 Propheta
1060 1045 1170 1085 vorare
1198 1022 1403 1107 poecipitur,
1430 1025 1465 1089 iu
1491 1049 1544 1089 ore

576 1129 706 1218 quidem
722 1125 875 1191 dulcescit
892 1139 928 1190 ut
940 1124 1013 1199 mel,
1031 1124 1085 1188 sed
1102 1128 1294 1190 amaricatur
1309 1140 1427 1190 venter
1443 1150 1543 1213 quum

577 1233 648 1319 ipsa
659 1229 797 1295 dulcedo
809 1228 979 1292 verborum
995 1226 1169 1311 digerenda
1179 1226 1273 1292 estin
1287 1249 1386 1291 usum
1397 1251 1542 1315 operum.

580 1335 640 1399 Est
655 1346 762 1397 autom
777 1330 878 1395 libido
893 1342 1029 1414 cognata
1045 1342 1078 1392 et
1093 1329 1266 1413 conjuncta
1280 1326 1440 1408 luxuriae,
1451 1332 1542 1416 cujus

579 1435 708 1522 sequela
733 1432 946 1512 immunditia,
973 1432 1045 1495 finis
1074 1429 1277 1495 indubitatus
1304 1431 1459 1496 wususio
1487 1447 1541 1498 est.

581 1537 744 1605 Praecedat
767 1554 843 1618 ergo
865 1555 1020 1607 sermone,
1040 1554 1115 1618 quae
1136 1531 1258 1617 origiue
1280 1549 1313 1598 et
1336 1558 1439 1599 causa
1460 1537 1542 1621 prior

581 1654 640 1706 est.
684 1638 775 1705 Licet
790 1649 897 1702 autem
914 1658 972 1721 per
995 1635 1141 1723 quinque
1157 1656 1306 1699 sensuum
1331 1650 1447 1721 portas
1462 1637 1541 1702 leuo-

582 1741 665 1806 cinia
681 1738 776 1803 luxus
790 1760 883 1822 reque
898 1737 1068 1808 introeant,
1087 1735 1233 1821 voluptas
1247 1735 1379 1800 aurium
1395 1736 1438 1801 ad
1453 1761 1543 1804 muu-

582 1842 695 1908 diciam
713 1840 814 1926 magis
830 1839 958 1905 videtur
981 1838 1139 1915 accedere,
1155 1851 1186 1901 et
1201 1862 1277 1923 qum
1297 1862 1340 1903 ex
1365 1856 1480 1924 gustu,
1494 1841 1542 1905 rel

584 1958 672 2012 tactu
696 1942 851 2029 provenit,
869 1941 1029 2005 sordidior
1050 1954 1108 2020 est,
1123 1954 1155 2005 et
1169 1939 1340 2005 olfaciendi
1363 1956 1397 2007 et
1412 1943 1542 2008 videndi

583 2044 751 2112 delectatio
778 2042 919 2107 medium
948 2043 1053 2107 locum
1081 2056 1176 2107 tenet.
1223 2044 1306 2107 Nam
1334 2066 1442 2131 utque
1467 2047 1543 2112 satia

583 2147 746 2213 interdum
772 2145 869 2210 babet
894 2145 1076 2224 munditia),
1100 2167 1157 2209 nec
1182 2144 1223 2209 ad
1249 2145 1362 2210 sordes
1389 2152 1543 2233 pernicio·

585 2252 723 2317 sissimas
739 2270 842 2336 usquc
857 2248 1048 2335 prolabitur.
1095 2247 1260 2333 Siquidem
1277 2271 1382 2314 mores
1398 2274 1456 2336 per
1469 2275 1545 2316 ocu-

587 2356 690 2421 lorum
709 2356 861 2420 fenestras
873 2352 1061 2437 ingreditur,
1075 2374 1175 2439 quum
1191 2352 1351 2437 quispiam
1367 2352 1544 2420 delectatur

584 2454 786 2531 circensibus,
802 2454 972 2518 certamine
987 2453 1190 2532 athletarum,
1205 2452 1398 2520 histrionum
1420 2455 1543 2520 mobili·

586 2573 662 2635 tate,
676 2557 841 2623 mulierum
856 2555 975 2631 formis,
988 2555 1155 2641 splendore
1169 2579 1382 2640 gemmarum,
1395 2558 1542 2635 vestium,

587 2661 799 2739 metallorum,
814 2656 1012 2743 aliorumque
1035 2657 1153 2743 quibus
1171 2657 1301 2723 libertas
1314 2661 1431 2726 animm
1445 2662 1544 2748 capti·

586 2780 691 2831 vatur.
737 2765 863 2827 Rursus
888 2761 914 2824 si
944 2760 1076 2825 auditus
1101 2761 1187 2824 vario
1212 2785 1407 2847 organorum
1435 2779 1544 2841 cantu,

588 2861 1545 2952 vocumqueflexiouibusmulceaturadcarminapoetarum,

588 2967 825 3033 Comoedinrum
842 2979 873 3028 et
891 2962 1137 3049 Tragoediarum
1153 2980 1253 3044 actus,
1265 2968 1436 3031 mimorum
1453 2968 1544 3033 urba·

588 3069 716 3144 nitates,
728 3079 759 3130 et
776 3066 931 3151 strophas,
943 3078 976 3128 et
991 3064 1146 3150 quicquid
1162 3065 1346 3152 hujusmodi
1360 3091 1421 3154 per
1434 3091 1544 3133 aurem

589 3171 716 3247 incedit,
733 3166 915 3232 virilitatem
933 3168 1047 3231 mentis
1068 3165 1249 3235 effoeminat.
1296 3170 1416 3235 Odoris
1436 3185 1544 3236 autem

589 3271 741 3344 suavitas,
755 3282 786 3332 et
803 3269 927 3333 diversa
944 3269 1163 3352 thymiamata,
1178 3287 1210 3336 et
1225 3294 1399 3352 amomum,
1414 3286 1447 3338 et
1461 3296 1545 3339 mus·

589 3395 655 3449 cus,
666 3368 826 3456 peregrini
842 3369 942 3432 muris
956 3370 1115 3455 pellicula,
1126 3372 1212 3459 quod
1225 3374 1389 3441 dissolutis
1401 3375 1546 3440 moribus

589 3474 719 3550 faciant,
735 3492 828 3534 nemo
843 3469 901 3532 nisi
918 3469 1095 3537 dissolutus
1110 3488 1215 3560 negat.
1262 3479 1344 3541 Nam
1361 3477 1546 3563 peregrinos

589 3577 702 3642 odores
725 3596 786 3638 non
811 3572 869 3638 nisi
897 3572 1060 3640 dissolutis
1086 3589 1117 3639 et
1143 3577 1340 3643 amatoribus
1365 3580 1544 3653 convenire,

590 3679 729 3745 comicus
744 3690 776 3740 ct
793 3677 925 3761 Coquus
948 3675 1072 3739 docent.
1120 3678 1222 3741 Porro
1243 3679 1386 3744 ciborum
1410 3679 1547 3745 aviditas

590 3780 731 3845 avaritiae
746 3789 847 3840 mater
862 3790 920 3856 est,
935 3789 966 3839 et
983 3776 1121 3841 animum
1145 3778 1236 3863 quasi
1251 3779 1447 3864 quibusdam
1463 3803 1548 3845 oom-

590 3881 727 3966 pedibus
752 3876 962 3959 degravatum
991 3890 1076 3941 tenet
1099 3877 1131 3941 in
1159 3893 1252 3943 terra
1297 3881 1388 3966 Ergo
1414 3895 1548 3968 propter

591 3980 717 4043 brevem
740 3976 827 4060 gula·
844 3978 1050 4065 voluptatem,
1067 3993 1159 4045 terrm
1176 3980 1363 4060 lustrantur,
1379 3997 1412 4048 et
1435 3983 1546 4062 maria,

591 4091 623 4144 et
653 4094 689 4143 ut
722 4077 871 4158 mulsum,
901 4080 1024 4155 vinum,
1056 4086 1278 4171 preciosusque
1318 4086 1410 4151 cibus
1439 4087 1550 4152 fauces

592 4192 798 4267 pertransent,
815 4183 914 4246 totius
935 4182 1009 4248 vitae
1031 4206 1126 4269 opere
1147 4186 1333 4253 desudatur.
1379 4189 1446 4275 Ipsi
1469 4213 1550 4275 quo-

592 4307 656 4370 que
671 4283 754 4348 muri
773 4281 983 4359 Hierusalem,
997 4286 1055 4350 etsi
1070 4286 1238 4354 videantur
1253 4289 1284 4353 in
1300 4304 1392 4376 petra
1406 4294 1549 4375 solidati,

594 4385 720 4450 tandem
748 4399 845 4452 ruunt
872 4398 902 4450 et
925 4391 1169 4473 complanantur
1189 4393 1309 4478 aequati
1331 4394 1409 4471 solo,
1434 4398 1550 4463 Nabu-
