3867 5467
510 779 570 837 194
764 788 900 834 roasurs
916 787 1199 834 sanasse-:nissam
1308 771 1396 852 [nra.
1413 792 1469 838 vu.

506 942 748 1021 vehementiam,
760 941 1036 1025 reprehensionem
1050 940 1203 1017 incurrit;
1225 944 1316 1026 vulgi
1333 945 1465 1029 quidem

506 1044 636 1108 auribus
658 1044 782 1126 gratior,
806 1064 901 1127 quam
924 1043 1149 1126 sapientissimi
1172 1045 1335 1130 cujusque
1356 1048 1464 1110 animo

504 1148 710 1231 probabilior,
740 1159 853 1230 utpote
882 1146 1079 1229 frequentius
1110 1158 1179 1210 tuta
1208 1149 1307 1212 renia
1344 1151 1462 1226 aliena,

504 1273 602 1336 qnam
617 1250 814 1334 providentia
829 1271 896 1313 sna.
943 1248 1010 1312 Viri
1024 1260 1130 1313 tamen
1145 1251 1277 1332 optimi,
1289 1263 1323 1316 et
1337 1254 1462 1336 sapien·

504 1350 617 1416 tissimi
633 1366 691 1429 est,
705 1353 850 1416 habenas
864 1352 974 1414 laxare
987 1352 1137 1427 libertati,
1152 1362 1185 1415 et
1200 1354 1360 1436 quaelibet
1374 1353 1459 1418 dicta

504 1454 575 1536 ejus
589 1454 745 1537 patienter
758 1453 917 1535 excipere.
963 1450 1028 1514 Sed
1051 1472 1111 1516 nec
1127 1453 1283 1535 operibus
1299 1477 1335 1518 se
1357 1476 1457 1538 oppo-

503 1556 562 1632 nit,
577 1554 654 1617 dum
671 1553 792 1615 virtutis
801 1552 960 1636 jacturam
979 1573 1045 1614 uon
1059 1553 1212 1616 incurrat.
1243 1554 1358 1627 Quum
1372 1556 1456 1619 enim

503 1675 560 1737 per
585 1675 619 1716 se
645 1655 747 1736 ipsam
773 1654 868 1715 virtus
894 1672 1031 1735 quaeque
1054 1652 1269 1736 resplendeat,
1294 1656 1456 1739 patientie

501 1756 613 1818 titulus
643 1756 819 1838 gloriosiori
848 1756 969 1836 fulgore
1007 1756 1162 1818 clarescit.
1223 1756 1454 1822 Privernatium

503 1858 643 1942 qnidam,
658 1879 756 1940 quum
769 1859 1025 1938 interrogaretur,
1042 1858 1169 1941 qualem
1183 1879 1302 1943 pacem
1317 1859 1455 1924 babituri

500 1972 606 2023 essent
631 1961 747 2042 captivi
774 1959 986 2037 Privernates,
1011 1960 1072 2022 sibi
1098 1959 1292 2043 impunitate
1325 1961 1454 2038 donata,

500 2061 665 2145 respondit
691 2061 815 2123 consuli
842 2062 1072 2138 Romanorum,
1093 2061 1119 2124 si
1143 2063 1262 2126 bonam
1289 2063 1452 2138 dederitis,

499 2178 702 2246 perpetuam:
738 2163 766 2225 si
793 2164 920 2240 malam,
943 2183 1008 2224 non
1035 2161 1228 2225 diuturnam.
1274 2164 1351 2236 Qua
1376 2185 1453 2228 uoce

496 2266 663 2343 libertatis,
677 2287 741 2328 non
767 2265 864 2328 modo
888 2265 1013 2327 reniam
1036 2261 1219 2326 rebellionis
1242 2266 1453 2330 obtinuerunt

498 2368 707 2445 Privernates,
722 2367 779 2430 scd
795 2367 891 2430 etiam
909 2364 1102 2428 beneficium
1118 2364 1258 2428 civitatis
1281 2367 1451 2446 Romanae,

497 2469 572 2551 qnia
587 2469 633 2531 sic
654 2470 686 2530 in
708 2478 822 2532 senatu
844 2467 931 2549 loqui
957 2466 1125 2529 Privemas
1148 2485 1246 2529 ausus
1269 2479 1330 2531 est.
1375 2465 1449 2531 Phi·

495 2569 603 2652 lippus
612 2568 739 2651 qnidam
751 2566 901 2630 adversus
909 2565 1053 2628 ordinem
1068 2565 1257 2630 Senatorum
1266 2567 1448 2634 libertatem

496 2670 650 2746 exercuit,
676 2669 906 2751 segnitiemque
931 2688 990 2749 pro
1015 2667 1123 2730 rostris
1148 2670 1363 2751 exprobrans,
1386 2671 1448 2734 alio

495 2772 556 2833 sibi
583 2785 695 2835 senatu
720 2790 803 2854 opus
829 2790 898 2832 esse
924 2767 1023 2829 dixit:
1065 2789 1125 2831 nec
1151 2779 1260 2832 tamen
1289 2771 1447 2834 senatoria

496 2875 633 2953 gravitas
647 2874 765 2936 moveri
788 2871 902 2955 potuit,
918 2870 1002 2934 sicut
1025 2891 1084 2934 nec
1107 2870 1281 2953 prudentia
1303 2873 1446 2958 Philippi

493 2974 646 3049 consulis,
662 2994 759 3057 quum
776 2973 807 3035 ei
824 2993 843 3034 a
865 2992 918 3034 reo
933 2968 1104 3049 diceretur,
1118 2972 1170 3034 cui
1186 2970 1311 3035 lictoris
1326 2993 1446 3056 prece·

493 3089 584 3157 perat
594 3074 682 3158 injici
696 3096 841 3137 uranum:
860 3073 935 3135 Non
946 3094 992 3148 es,
1004 3073 1119 3157 inquit,
1129 3074 1172 3136 mi
1187 3072 1353 3157 Philippo,
1365 3074 1444 3138 mihi
1511 3137 1517 3146 ,

493 3177 618 3251 consul,
633 3177 708 3259 quia
723 3196 782 3238 nec
798 3197 857 3255 ego
874 3174 931 3237 tibi
947 3185 1077 3237 senator
1090 3196 1171 3238 sum.
1216 3176 1332 3257 Magni
1348 3177 1443 3241 Pom·

491 3275 556 3357 peii
572 3276 654 3337 inter
669 3286 801 3338 caeteros
817 3276 849 3336 in
866 3275 926 3338 hac
943 3289 1033 3358 parte
1050 3276 1148 3339 virtus
1163 3276 1288 3340 enituit.
1334 3279 1443 3350 Quum

490 3376 573 3438 enirn
601 3376 721 3439 (incius
747 3376 833 3452 Piso,
855 3378 1006 3440 Mallium
1034 3378 1181 3462 Crispum
1208 3399 1300 3442 reum
1326 3391 1443 3462 ageret,

490 3498 629 3561 cumque
656 3476 821 3539 evidenter
849 3491 1031 3555 nocentem,
1058 3480 1206 3563 Pompeii
1234 3480 1337 3561 gratia
1365 3481 1441 3564 eripi

490 3579 622 3660 rideret,
640 3579 777 3665 juvenili
800 3577 921 3661 impetu
944 3600 982 3642 ac
1006 3580 1112 3643 studio
1135 3580 1175 3642 ad
1203 3582 1440 3645 accusationem

489 3696 667 3767 provectus,
692 3683 791 3745 multa
817 3693 849 3744 et
874 3680 982 3761 gravia
1008 3682 1142 3745 crimina
1168 3684 1358 3765 praepotenti
1385 3681 1438 3745 de·

488 3783 605 3846 sensori
633 3782 761 3866 objecit.
808 3780 1025 3858 interrogatus
1048 3778 1162 3843 deinde
1189 3782 1230 3843 ab
1256 3802 1295 3843 eo
1322 3802 1381 3846 cur
1406 3802 1439 3845 se

486 3905 604 3967 proeses
634 3905 762 3964 quoqne
791 3903 856 3943 non
887 3893 1070 3945 accusaret:
1110 3881 1161 3958 da,
1189 3882 1308 3965 inquit,
1341 3897 1374 3946 et
1404 3893 1438 3946 tu

485 4003 602 4064 prensos
631 3982 833 4063 Reipublicae
863 3992 905 4053 tc,
935 3982 961 4043 si
994 3985 1173 4065 postulatus
1202 3983 1311 4061 rueris,
1342 3983 1435 4049 cirile

484 4080 605 4142 beilum
621 4099 687 4141 non
702 4079 926 4152 excitaturum,
943 4093 976 4143 et
991 4103 1052 4162 ego
1067 4084 1161 4145 etiam
1186 4082 1226 4145 de
1250 4095 1316 4162 tuo,
1333 4085 1436 4168 prius·

483 4201 579 4265 quam
596 4179 636 4242 de
660 4178 766 4241 Mallii
782 4179 899 4262 capite,
914 4179 947 4242 in
963 4184 1130 4246 consilium
1148 4183 1279 4268 judices
1300 4186 1433 4249 mittam.

481 4284 532 4346 lta
556 4282 668 4345 eodem
690 4279 818 4363 judicio
842 4280 925 4344 duos
950 4283 1102 4347 sustinuit
1127 4307 1209 4358 reos,
1225 4287 1434 4349 accusatione

479 4384 639 4462 Mallium,
653 4382 798 4446 libertate
824 4384 1024 4465 Pompeium,
1040 4397 1071 4448 ct
1088 4407 1196 4449 eornm
1212 4386 1347 4450 alterum
1363 4388 1434 4470 lege
