3867 5467
503 685 565 743 tit-2
763 693 900 738 ross-xrs
913 692 1194 737 saassnrmrassrs
1304 676 1393 755 [arn.
1412 695 1471 740 ru.

505 981 584 1064 Cap.
601 985 652 1042 20.
677 979 730 1042 De
753 979 874 1058 legibus
895 980 1090 1041 secularium
1112 982 1322 1061 priucr'pum,
1350 981 1468 1063 quilius

547 1079 686 1142 curiales
708 1086 740 1142 ct
762 1078 907 1165 ‹afficiales
932 1087 1089 1141 areentur
1112 1081 1151 1140 ab
1174 1081 1354 1144 honoribus
1376 1083 1467 1145 aele-

546 1185 704 1244 ar'nsts'cis:
743 1189 774 1243 et
799 1180 917 1261 quidus
940 1183 1092 1261 arerrrplis
1119 1180 1316 1246 Dallranitoe
1342 1191 1374 1246 el
1398 1184 1465 1247 Abi-

548 1286 667 1346 ronitae
682 1286 835 1345 nitantur
850 1282 1002 1344 obtinere.

551 1437 617 1499 Arr
632 1458 708 1518 ergo
725 1436 905 1518 Imperator
923 1431 945 1491 J
949 1431 1147 1494 ustinianus:
1180 1431 1328 1495 Maxima
1343 1433 1460 1497 suntin

505 1539 653 1601 omnibus
669 1536 752 1600 dona
769 1534 829 1597 Dei
842 1532 882 1595 de
894 1554 1032 1616 superna
1044 1533 1160 1595 collata
1171 1531 1356 1609 clementia,
1368 1555 1461 1598 sacer-

506 1639 629 1702 dotium
642 1653 674 1702 et
687 1638 855 1722 imperium
868 1634 980 1698 :·illud
993 1634 1123 1719 quidem
1138 1634 1257 1699 divinis
1268 1638 1461 1713 ministrans,

506 1746 692 1803 uocantem
718 1739 864 1801 humanis
888 1737 1071 1823 presidens,
1091 1760 1128 1799 ac
1150 1737 1354 1821 diligentiam
1379 1739 1462 1804 exbi-

506 1838 598 1902 bens:
620 1862 658 1901 ex
672 1838 927 1922 uno,eodemque
938 1835 1093 1921 principio
1104 1851 1238 1921 utraque
1248 1839 1463 1921 procedentia,

505 1941 678 2004 humanam
708 1953 861 2002 exornant
891 1938 998 2000 vitam.
1047 1937 1190 2023 Ideoque
1222 1939 1303 2001 nibil
1332 1940 1376 2004 sic
1405 1940 1461 2003 erit

507 2040 687 2105 studiosum
703 2041 964 2125 imperatoribus,
982 2043 1064 2103 sicut
1081 2037 1283 2104 sacerdotum
1308 2041 1463 2120 honestas,

507 2165 608 2229 quum
621 2143 733 2228 utique
744 2141 869 2225 proillis
879 2141 939 2225 ipsi
950 2164 1074 2225 semper
1082 2143 1153 2203 Deo
1162 2142 1357 2226 supplicent.
1383 2144 1462 2207 Nam

509 2246 533 2308 si
550 2246 610 2307 boc
626 2245 753 2330 quidem
771 2242 965 2327 inculpabile
981 2243 1034 2318 sit,
1046 2242 1189 2324 undique
1204 2255 1236 2305 et
1252 2244 1343 2328 apud
1361 2248 1461 2310 Deum

508 2346 626 2410 fiducia
641 2347 700 2409 erit
723 2346 863 2431 plenum.
910 2344 1084 2428 Imperium
1101 2359 1209 2407 autern
1224 2358 1313 2408 recte
1328 2361 1362 2411 et
1382 2370 1464 2410 com·

508 2463 653 2533 patenter
668 2460 799 2510 exornet
816 2444 965 2509 traditam
983 2444 1042 2507 sibi
1061 2446 1302 2529 rempublicam,
1315 2449 1379 2513 erit
1393 2471 1462 2513 con·

509 2548 652 2612 sonantia
683 2548 830 2634 quaedam
861 2547 956 2620 bona,
983 2567 1078 2608 omne
1109 2546 1265 2631 quicquid
1297 2550 1380 2614 utile
1408 2565 1464 2629 est,

509 2650 649 2714 humano
678 2652 841 2714 conferens
879 2647 999 2729 generi.
1045 2650 1114 2740 iios
1152 2647 1254 2733 igitur
1292 2653 1461 2716 maximam

509 2751 662 2815 babemus
688 2748 920 2816 solicitudinem
951 2748 1034 2811 circa
1059 2770 1133 2811 vera
1159 2750 1221 2812 Dei
1244 2750 1410 2834 dogmata,
1433 2770 1462 2818 et

509 2852 591 2915 circa
607 2851 805 2916 sacerdotum
822 2852 1032 2925 honestatem,
1049 2872 1145 2935 quam
1161 2850 1223 2915 illis
1240 2852 1464 2919 obtinentibus

508 2953 678 3029 credimus,
696 2956 772 3038 quia
789 2975 845 3036 per
859 2975 897 3014 ea
917 2952 1056 3013 maxima
1079 2952 1169 3016 nobis
1192 2952 1277 3016 dona
1298 2954 1464 3021 dabuntur

509 3076 528 3115 a
545 3053 626 3131 Deo,
642 3068 673 3119 et
689 3077 815 3139 eaquae
832 3064 916 3128 sunt,
929 3054 1021 3116 firma
1037 3053 1236 3135 babebimus,
1246 3067 1279 3119 et
1294 3079 1371 3142 quae
1386 3081 1461 3122 non-

509 3154 587 3216 dum
615 3169 782 3229 venerunt,
808 3157 1021 3239 acquiremus.
1068 3159 1155 3218 Bene
1181 3171 1288 3220 autem
1316 3159 1464 3224 universa

509 3268 665 3339 geruntur
680 3270 711 3318 et
723 3269 950 3339 competenter,
963 3255 988 3317 si
1002 3256 1045 3319 rei
1062 3256 1253 3342 principium
1270 3259 1327 3324 liat
1339 3261 1462 3336 decens,

509 3369 541 3420 et
557 3355 690 3440 amabile
709 3358 786 3418 Deo.
834 3356 905 3418 Hoc
921 3372 1026 3421 antem
1044 3359 1190 3422 futurum
1209 3383 1277 3424 esse
1293 3363 1463 3439 credimus,

510 3458 535 3522 si
553 3470 709 3521 sacratum
732 3454 912 3538 regularum
936 3458 1117 3522 observatio
1139 3460 1353 3542 custodiatur,
1369 3486 1462 3550 quam

506 3560 597 3644 justi,
613 3558 746 3634 laudati,
763 3558 916 3622 adorandi
940 3559 1143 3645 inspectores,
1158 3575 1191 3624 et
1213 3562 1351 3627 ministri
1377 3568 1462 3629 verbi

509 3661 572 3726 Dei
585 3660 786 3725 tradiderunt
797 3658 952 3745 Apostoli,
962 3675 992 3724 et
1004 3664 1103 3724 sancti
1115 3677 1221 3746 patres
1232 3664 1463 3745 custodierunt,

510 3773 542 3823 et
558 3761 819 3842 explanaverunt.
866 3760 1034 3823 Sancimus
1050 3761 1155 3842 igitur,
1171 3775 1295 3826 sanctas
1319 3786 1378 3849 per
1398 3788 1463 3829 om·

511 3861 563 3921 nia
587 3875 753 3941 sequentes
770 3860 905 3942 regulas,
922 3862 999 3924 dum
1026 3864 1182 3948 quispiam
1208 3866 1353 3950 sequenti
1379 3868 1464 3932 omni

511 3971 666 4041 tempore,
696 3958 735 4020 ad
766 3959 997 4025 ordinationem
1029 3965 1231 4049 episcopatus
1260 3967 1466 4052 perducitur,

510 4056 698 4121 considerari
724 4058 811 4142 prius
827 4062 895 4145 ejus
910 4065 1006 4127 vitam
1033 4066 1206 4129 secundum
1230 4089 1355 4132 sacrum
1375 4073 1464 4156 Apo-

511 4160 640 4234 stolum,
666 4161 690 4222 si
715 4160 857 4241 bonesta,
879 4167 903 4227 si
928 4166 1141 4250 inculpabilis,
1164 4181 1196 4231 et
1220 4168 1365 4255 undique
1388 4172 1464 4235 irre-

512 4262 743 4348 prehensibilis,
760 4263 810 4340 sit,
827 4280 856 4328 et
881 4265 911 4329 in
935 4268 1027 4332 lionis
1049 4270 1263 4334 testimouium
1287 4272 1416 4347 babeat,
1432 4289 1464 4337 et
