3867 5467
640 773 681 830 ott
897 782 1036 828 JOANNts
1053 780 1335 826 suuesenrususrs
1388 800 1392 807 -
1461 767 1554 849 [ern.
1572 789 1614 834 vr.

641 959 719 1000 usus
741 936 894 1018 exegerit,
916 933 996 1019 quid
1020 934 1160 996 maxime
1183 934 1349 1017 expediet,
1366 936 1453 1001 sciet
1475 940 1611 1022 eligere.

644 1037 680 1100 Si
696 1059 769 1102 vero
784 1059 835 1101 res
849 1037 943 1099 fuerit
965 1036 1059 1113 serie,
1074 1037 1172 1099 lateat
1193 1036 1339 1117 militem,
1353 1058 1394 1101 eo
1415 1040 1511 1124 quod
1528 1043 1611 1105 mili·

641 1149 707 1203 tare
730 1150 926 1223 preceptum
950 1147 1013 1201 est:
1038 1135 1117 1221 quid
1140 1136 1210 1199 fieri
1232 1137 1350 1202 debeat
1370 1150 1511 1205 tractato
1535 1163 1610 1207 cunr

641 1242 761 1320 multis,
786 1238 867 1325 quid
892 1261 966 1303 vero
994 1240 1136 1302 facturus
1161 1239 1218 1317 sis,
1240 1260 1313 1303 cum
1338 1243 1552 1324 paucissimis
1577 1256 1609 1309 et

642 1342 850 1421 fidelissimis,
883 1343 933 1406 vel
970 1341 1080 1426 potius
1115 1340 1186 1423 ipse
1223 1352 1342 1405 tecum.
1387 1343 1476 1408 Raro
1515 1346 1604 1410 enim

643 1458 752 1510 manet
773 1445 1009 1521 absconditum,
1030 1443 1117 1527 quod
1142 1441 1184 1506 ed
1205 1444 1354 1509 notitiem
1381 1447 1604 1513 multitudinis

646 1548 744 1612 venit
788 1546 944 1610 Militaria
963 1566 1092 1628 quoque
1116 1556 1279 1629 precepta
1300 1560 1332 1611 et
1353 1550 1508 1632 exemplu
1531 1563 1608 1616 stre-

645 1670 791 1725 nuorum,
811 1648 996 1729 junioribus
1025 1668 1112 1730 saepe
1139 1647 1306 1711 reserenda
1328 1660 1414 1728 sunt,
1432 1661 1471 1714 ut
1492 1651 1546 1716 his
1567 1652 1608 1717 ed

646 1749 812 1814 scientiam
827 1748 1044 1825 instituentur,
1058 1748 1123 1811 illis
1142 1748 1361 1814 accendentur
1375 1764 1409 1814 et
1422 1752 1608 1818 animentur

647 1851 690 1916 ed
706 1850 863 1913 virtutem.
909 1850 980 1912 Nec
1003 1862 1109 1912 temen
1137 1851 1337 1933 propositum
1356 1873 1465 1916 meum
1485 1865 1549 1933 est,
1563 1856 1608 1922 rei

648 1949 794 2014 militaris
822 1949 876 2014 hic
907 1948 1028 2012 tradere
1058 1960 1166 2029 artem,
1194 1971 1267 2032 qum
1297 1952 1432 2034 quidem
1463 1957 1608 2020 maxime

646 2062 704 2129 est,
719 2064 751 2114 et
765 2050 1014 2134 pernecessaria,
1029 2064 1061 2113 et
1079 2051 1147 2114 sine
1170 2073 1234 2134 que
1255 2052 1302 2129 (ut
1317 2054 1421 2117 verbis
1437 2054 1604 2122 Plutarchi

648 2153 731 2231 uter)
748 2174 880 2216 mancus
891 2154 1028 2236 quilibet
1038 2153 1225 2234 intelligitur
1239 2155 1454 2239 principatus.
1499 2159 1606 2231 Quem

649 2255 676 2317 si
697 2254 768 2337 quis
786 2253 928 2317 ediscere
947 2254 1093 2331 voluerit,
1108 2254 1203 2317 adeat
1227 2253 1384 2319 Catonem
1401 2256 1606 2335 Censorium,

648 2356 733 2438 leget
744 2366 777 2419 et
790 2356 845 2418 illa
857 2377 928 2438 quae
941 2354 1068 2418 Comel.
1085 2353 1213 2430 Celsus,
1229 2376 1303 2439 quae
1317 2357 1425 2422 Julius
1439 2358 1605 2442 Hyginus,

651 2478 722 2541 quae
738 2458 892 2538 Vegetius
907 2457 1064 2530 Reurmm,
1080 2456 1184 2539 cujus,
1199 2478 1237 2519 eo
1254 2458 1343 2539 quod
1366 2461 1606 2541 elegentissime

648 2571 681 2624 et
695 2559 940 2643 diligentissime
955 2559 1002 2623 rei
1022 2559 1166 2623 militaris
1181 2571 1280 2624 artem
1300 2559 1444 2640 tradidit,
1458 2563 1536 2628 licet
1549 2586 1605 2629 ex·

651 2664 757 2747 emple
767 2661 1005 2746 praestriuxerit,
1016 2661 1109 2744 plura
1124 2660 1260 2725 inserui:
1284 2661 1371 2743 leget
1385 2663 1520 2746 inquom
1536 2686 1607 2749 quie

650 2765 704 2828 isti
720 2766 856 2848 posteris
876 2760 1113 2848 prescribenda
1130 2760 1304 2826 duxerunt.
1348 2765 1426 2829 Hoc
1449 2778 1559 2830 tomen
1574 2767 1605 2830 iu

651 2867 792 2930 omnium
808 2868 919 2929 artium
936 2863 1071 2929 utilitate
1087 2876 1236 2942 versetur,
1251 2879 1286 2929 ut
1305 2887 1511 2951 nequaquem
1527 2889 1605 2952 prae·

651 2965 753 3048 ceptis
777 2966 963 3030 exercitium
990 2966 1083 3028 desit.
1130 2967 1226 3041 Num,
1249 2968 1333 3032 sicut
1355 2968 1401 3032 eit
1422 2968 1551 3045 Cicero,
1574 2971 1606 3033 in

650 3086 909 3150 unamquamque
938 3088 1004 3130 rem
1034 3064 1109 3129 dure
1138 3080 1300 3151 precepta
1329 3070 1516 3134 facillimum
1547 3086 1607 3147 est,

649 3165 707 3230 sed
732 3188 802 3229 eam
825 3168 997 3232 efficaciter
1017 3168 1136 3251 exequi
1161 3169 1460 3234 laboriosissimum.
1506 3173 1603 3246 Quod

652 3289 724 3332 vero
740 3269 773 3332 in
789 3270 958 3353 preceptis
972 3269 1164 3353 eloquentie
1179 3269 1221 3333 ed
1235 3271 1437 3335 Herennium
1452 3273 1609 3353 scribens,

653 3369 694 3434 de
716 3385 781 3435 arte
804 3370 930 3435 dicendi
954 3371 1099 3449 asseruit,
1114 3393 1183 3434 earn
1206 3373 1332 3437 scilicet
1352 3373 1554 3439 inefficacem
1576 3388 1608 3441 et

650 3473 798 3538 inutilem
823 3495 892 3537 esse
919 3475 988 3538 siue
1017 3495 1076 3537 usu
1099 3486 1131 3537 et
1153 3474 1385 3539 exercitatione
1408 3475 1553 3555 dicendi,
1566 3476 1608 3542 ed

652 3598 763 3641 omues
792 3590 875 3641 artes
902 3577 1038 3640 arbitror
1063 3576 1331 3657 transferendum,
1355 3589 1513 3662 quatenus
1542 3600 1609 3643 uon

652 3680 819 3745 firmentur
840 3703 910 3760 usu,
925 3701 986 3744 uec
1005 3677 1160 3744 exercitio
1179 3680 1376 3742 roborantur.
1422 3678 1514 3743 Adeo
1537 3681 1607 3765 qui·

655 3786 729 3849 dem
752 3797 788 3849 ut
810 3785 837 3848 si
858 3796 957 3849 artem
981 3803 1138 3866 usumque
1160 3779 1323 3858 dissocies,
1346 3781 1451 3844 utilior
1470 3781 1512 3844 sit
1532 3803 1609 3846 usus

653 3908 769 3968 expers
795 3888 880 3962 artis,
906 3907 1001 3968 quam
1027 3905 1078 3945 ars
1104 3905 1176 3966 quie
1203 3882 1253 3945 sui
1280 3903 1373 3946 usum
1404 3904 1469 3946 uon
1499 3883 1607 3947 hebet.

654 3987 739 4047 Nam
754 3996 787 4048 et
802 3986 907 4048 David
922 3986 956 4046 in
971 3982 1072 4045 funde
1085 3997 1118 4046 et
1132 3984 1250 4068 lepide,
1261 4005 1397 4067 quorum
1411 3984 1560 4067 peritiam
1575 3994 1608 4049 et

654 4109 745 4151 usum
769 4086 919 4162 habebat,
934 4085 1142 4167 Allophylum
1166 4088 1286 4162 stravit,
1302 4099 1334 4149 et
1354 4086 1389 4148 iu
1411 4087 1527 4151 baculo
1549 4108 1609 4151 suo

653 4187 785 4270 aggredi
807 4209 904 4251 ausus
927 4199 976 4250 ost
1000 4188 1101 4250 virum
1128 4188 1254 4253 cuuctis
1275 4189 1461 4265 terribilem,
1484 4203 1517 4253 et
1542 4189 1608 4251 bel·

653 4292 785 4355 letorem
816 4291 857 4353 ab
880 4290 1098 4354 adolescentia
1130 4313 1196 4355 sue.
1256 4288 1446 4374 checitque
1476 4290 1610 4355 loricam

653 4395 772 4476 regiam
793 4407 825 4458 et
844 4414 940 4466 erma,
958 4393 1076 4475 quibus
1096 4394 1291 4456 exercitatus
1313 4414 1377 4456 nou
1393 4391 1506 4465 fueret,
1522 4404 1610 4456 retus
