<?xml version="1.0" encoding="UTF-8"?>
<!DOCTYPE html PUBLIC "-//W3C//DTD XHTML 1.0 Transitional//EN"
    "http://www.w3.org/TR/xhtml1/DTD/xhtml1-transitional.dtd">
<html xmlns="http://www.w3.org/1999/xhtml" xml:lang="en" lang="en">
 <head>
  <title>
</title>
<meta http-equiv="Content-Type" content="text/html;charset=utf-8" />
  <meta name='ocr-system' content='tesseract 3.04.00' />
  <meta name='ocr-capabilities' content='ocr_page ocr_carea ocr_par ocr_line ocrx_word'/>
</head>
<body>
  <div class='ocr_page' id='page_1' title='image "./operaomnianuncp00johngoog_0220.png"; bbox 0 0 3867 5467; ppageno 0'>
   <div class='ocr_carea' id='block_1_1' title="bbox 577 759 1546 839">
    <p class='ocr_par' dir='ltr' id='par_1_1' title="bbox 577 759 1546 839">
     <span class='ocr_line' id='line_1_1' title="bbox 577 759 1546 839; baseline -0.007 -9"><span class='ocrx_word' id='word_1_1' title='bbox 577 772 641 830; x_wconf 70' lang='lat'>219</span> <span class='ocrx_word' id='word_1_2' title='bbox 839 780 976 825; x_wconf 42' lang='lat' dir='ltr'>sorensis</span> <span class='ocrx_word' id='word_1_3' title='bbox 992 777 1269 822; x_wconf 75' lang='lat' dir='ltr'>srussnsmsnms</span> <span class='ocrx_word' id='word_1_4' title='bbox 1365 759 1453 839; x_wconf 84' lang='lat' dir='ltr'>[mn.</span> <span class='ocrx_word' id='word_1_5' title='bbox 1471 779 1546 825; x_wconf 84' lang='lat' dir='ltr'>vui,</span> 
     </span>
    </p>
   </div>
   <div class='ocr_carea' id='block_1_2' title="bbox 649 928 1546 1069">
    <p class='ocr_par' dir='ltr' id='par_1_2' title="bbox 649 928 1546 1069">
     <span class='ocr_line' id='line_1_2' title="bbox 649 928 1546 1000; baseline -0.003 -16"><span class='ocrx_word' id='word_1_6' title='bbox 649 934 732 985; x_wconf 81' lang='lat' dir='ltr'>Thais</span> <span class='ocrx_word' id='word_1_7' title='bbox 741 933 789 983; x_wconf 89' lang='lat' dir='ltr'>hoc</span> <span class='ocrx_word' id='word_1_8' title='bbox 799 931 862 984; x_wconf 89' lang='lat' dir='ltr'>mihi</span> <span class='ocrx_word' id='word_1_9' title='bbox 873 929 1008 1000; x_wconf 80' lang='lat' dir='ltr'>responde,</span> <span class='ocrx_word' id='word_1_10' title='bbox 1018 946 1096 997; x_wconf 89' lang='lat' dir='ltr'>quum</span> <span class='ocrx_word' id='word_1_11' title='bbox 1108 928 1156 979; x_wconf 85' lang='lat' dir='ltr'>tibi</span> <span class='ocrx_word' id='word_1_12' title='bbox 1168 928 1202 980; x_wconf 87' lang='lat' dir='ltr'>do</span> <span class='ocrx_word' id='word_1_13' title='bbox 1211 929 1288 981; x_wconf 75' lang='lat' dir='ltr'>istem</span> <span class='ocrx_word' id='word_1_14' title='bbox 1301 930 1448 998; x_wconf 72' lang='lat' dir='ltr'>virginem,</span> <span class='ocrx_word' id='word_1_15' title='bbox 1459 928 1546 981; x_wconf 82' lang='lat' dir='ltr'>dixtin</span> 
     </span>
     <span class='ocr_line' id='line_1_3' title="bbox 718 1012 1108 1069; baseline -0.01 -2"><span class='ocrx_word' id='word_1_16' title='bbox 718 1017 765 1068; x_wconf 90' lang='lat' dir='ltr'>hos</span> <span class='ocrx_word' id='word_1_17' title='bbox 778 1016 835 1069; x_wconf 88' lang='lat' dir='ltr'>dies</span> <span class='ocrx_word' id='word_1_18' title='bbox 847 1015 911 1066; x_wconf 91' lang='lat' dir='ltr'>mihi</span> <span class='ocrx_word' id='word_1_19' title='bbox 925 1012 972 1066; x_wconf 89' lang='lat' dir='ltr'>soli</span> <span class='ocrx_word' id='word_1_20' title='bbox 985 1014 1047 1066; x_wconf 81' lang='lat' dir='ltr'>dure</span> <span class='ocrx_word' id='word_1_21' title='bbox 1061 1016 1108 1065; x_wconf 79' lang='lat' dir='ltr'>te?</span> 
     </span>
    </p>
   </div>
   <div class='ocr_carea' id='block_1_3' title="bbox 579 1112 1187 1289">
    <p class='ocr_par' dir='ltr' id='par_1_3' title="bbox 579 1112 1187 1289">
     <span class='ocr_line' id='line_1_4' title="bbox 579 1112 696 1177; baseline -0.017 0"><span class='ocrx_word' id='word_1_22' title='bbox 579 1112 677 1177; x_wconf 85' lang='lat' dir='ltr'>Thais</span> <span class='ocrx_word' id='word_1_23' title='bbox 690 1138 696 1175; x_wconf 94' lang='lat'>:</span> 
     </span>
     <span class='ocr_line' id='line_1_5' title="bbox 924 1219 1187 1289; baseline -0.008 -19"><span class='ocrx_word' id='word_1_24' title='bbox 924 1220 995 1280; x_wconf 86' lang='lat' dir='ltr'>Quid</span> <span class='ocrx_word' id='word_1_25' title='bbox 1010 1224 1063 1270; x_wconf 86' lang='lat' dir='ltr'>tum</span> <span class='ocrx_word' id='word_1_26' title='bbox 1076 1219 1187 1289; x_wconf 76' lang='lat' dir='ltr'>postes?</span> 
     </span>
    </p>
   </div>
   <div class='ocr_carea' id='block_1_4' title="bbox 580 1311 1433 1475">
    <p class='ocr_par' dir='ltr' id='par_1_4' title="bbox 580 1311 1433 1475">
     <span class='ocr_line' id='line_1_6' title="bbox 580 1311 1412 1400; baseline 0 -21"><span class='ocrx_word' id='word_1_27' title='bbox 580 1315 764 1381; x_wconf 76' lang='lat' dir='ltr'>Consedere</span> <span class='ocrx_word' id='word_1_28' title='bbox 780 1314 918 1388; x_wconf 88' lang='lat' dir='ltr'>videtur,</span> <span class='ocrx_word' id='word_1_29' title='bbox 934 1337 1008 1400; x_wconf 81' lang='lat' dir='ltr'>quae</span> <span class='ocrx_word' id='word_1_30' title='bbox 1025 1336 1085 1377; x_wconf 93' lang='lat' dir='ltr'>non</span> <span class='ocrx_word' id='word_1_31' title='bbox 1102 1325 1207 1399; x_wconf 82' lang='lat' dir='ltr'>negat.</span> <span class='ocrx_word' id='word_1_32' title='bbox 1253 1311 1412 1379; x_wconf 79' lang='lat' dir='ltr'><strong>Thraso:</strong></span> 
     </span>
     <span class='ocr_line' id='line_1_7' title="bbox 668 1419 1433 1475; baseline -0.003 0"><span class='ocrx_word' id='word_1_33' title='bbox 668 1424 706 1475; x_wconf 83' lang='lat' dir='ltr'>At</span> <span class='ocrx_word' id='word_1_34' title='bbox 718 1422 780 1474; x_wconf 89' lang='lat' dir='ltr'>mihi</span> <span class='ocrx_word' id='word_1_35' title='bbox 793 1427 853 1473; x_wconf 84' lang='lat' dir='ltr'>unte</span> <span class='ocrx_word' id='word_1_36' title='bbox 866 1419 953 1473; x_wconf 89' lang='lat' dir='ltr'>oculos</span> <span class='ocrx_word' id='word_1_37' title='bbox 964 1439 1050 1473; x_wconf 81' lang='lat' dir='ltr'>corum</span> <span class='ocrx_word' id='word_1_38' title='bbox 1063 1429 1204 1474; x_wconf 78' lang='lat' dir='ltr'>amatorem</span> <span class='ocrx_word' id='word_1_39' title='bbox 1216 1421 1329 1475; x_wconf 75' lang='lat' dir='ltr'>adduxti</span> <span class='ocrx_word' id='word_1_40' title='bbox 1342 1429 1433 1475; x_wconf 86' lang='lat' dir='ltr'>tuum.</span> 
     </span>
    </p>
   </div>
   <div class='ocr_carea' id='block_1_5' title="bbox 577 1517 1541 1808">
    <p class='ocr_par' dir='ltr' id='par_1_5' title="bbox 577 1517 1541 1808">
     <span class='ocr_line' id='line_1_8' title="bbox 581 1517 715 1583; baseline 0 -2"><span class='ocrx_word' id='word_1_41' title='bbox 581 1518 624 1583; x_wconf 85' lang='lat' dir='ltr'>Et</span> <span class='ocrx_word' id='word_1_42' title='bbox 640 1517 694 1582; x_wconf 89' lang='lat' dir='ltr'>illu</span> <span class='ocrx_word' id='word_1_43' title='bbox 709 1544 715 1581; x_wconf 94' lang='lat'>:</span> 
     </span>
     <span class='ocr_line' id='line_1_9' title="bbox 902 1626 1210 1694; baseline -0.003 -16"><span class='ocrx_word' id='word_1_44' title='bbox 902 1626 973 1689; x_wconf 90' lang='lat' dir='ltr'>Quid</span> <span class='ocrx_word' id='word_1_45' title='bbox 986 1644 1045 1678; x_wconf 84' lang='lat' dir='ltr'>cum</span> <span class='ocrx_word' id='word_1_46' title='bbox 1058 1644 1089 1679; x_wconf 90' lang='lat' dir='ltr'>eo</span> <span class='ocrx_word' id='word_1_47' title='bbox 1101 1626 1191 1694; x_wconf 77' lang='lat' dir='ltr'>litiges</span> <span class='ocrx_word' id='word_1_48' title='bbox 1201 1629 1210 1677; x_wconf 80' lang='lat' dir='ltr'>l</span> 
     </span>
     <span class='ocr_line' id='line_1_10' title="bbox 577 1720 1541 1808; baseline -0.002 -21"><span class='ocrx_word' id='word_1_49' title='bbox 577 1726 663 1789; x_wconf 89' lang='lat' dir='ltr'>Ecce</span> <span class='ocrx_word' id='word_1_50' title='bbox 680 1721 756 1808; x_wconf 86' lang='lat' dir='ltr'>quia</span> <span class='ocrx_word' id='word_1_51' title='bbox 771 1723 879 1785; x_wconf 82' lang='lat' dir='ltr'>amicte</span> <span class='ocrx_word' id='word_1_52' title='bbox 895 1721 1084 1807; x_wconf 84' lang='lat' dir='ltr'>patrocinio,</span> <span class='ocrx_word' id='word_1_53' title='bbox 1112 1744 1167 1786; x_wconf 89' lang='lat' dir='ltr'>nec</span> <span class='ocrx_word' id='word_1_54' title='bbox 1184 1721 1281 1785; x_wconf 82' lang='lat' dir='ltr'>verba</span> <span class='ocrx_word' id='word_1_55' title='bbox 1307 1720 1445 1786; x_wconf 89' lang='lat' dir='ltr'>miscere</span> <span class='ocrx_word' id='word_1_56' title='bbox 1468 1744 1541 1786; x_wconf 88' lang='lat' dir='ltr'>cum</span> 
     </span>
    </p>
   </div>
   <div class='ocr_carea' id='block_1_6' title="bbox 578 1824 1322 1999">
    <p class='ocr_par' dir='ltr' id='par_1_6' title="bbox 578 1824 1322 1999">
     <span class='ocr_line' id='line_1_11' title="bbox 578 1824 890 1889; baseline -0.006 -2"><span class='ocrx_word' id='word_1_57' title='bbox 578 1824 668 1889; x_wconf 87' lang='lat' dir='ltr'>rivuli</span> <span class='ocrx_word' id='word_1_58' title='bbox 684 1825 806 1889; x_wconf 90' lang='lat' dir='ltr'>licitum</span> <span class='ocrx_word' id='word_1_59' title='bbox 824 1837 890 1887; x_wconf 86' lang='lat' dir='ltr'>est:</span> 
     </span>
     <span class='ocr_line' id='line_1_12' title="bbox 754 1929 1322 1999; baseline -0.004 -16"><span class='ocrx_word' id='word_1_60' title='bbox 754 1930 822 1983; x_wconf 84' lang='lat' dir='ltr'>Cum</span> <span class='ocrx_word' id='word_1_61' title='bbox 834 1948 874 1995; x_wconf 89' lang='lat' dir='ltr'>eo,</span> <span class='ocrx_word' id='word_1_62' title='bbox 887 1932 980 1999; x_wconf 85' lang='lat' dir='ltr'>inquit,</span> <span class='ocrx_word' id='word_1_63' title='bbox 993 1931 1060 1983; x_wconf 82' lang='lat' dir='ltr'>clam</span> <span class='ocrx_word' id='word_1_64' title='bbox 1071 1937 1099 1983; x_wconf 85' lang='lat' dir='ltr'>te</span> <span class='ocrx_word' id='word_1_65' title='bbox 1111 1930 1235 1982; x_wconf 85' lang='lat' dir='ltr'>subduxti</span> <span class='ocrx_word' id='word_1_66' title='bbox 1248 1929 1322 1982; x_wconf 86' lang='lat' dir='ltr'>mihi.</span> 
     </span>
    </p>
   </div>
   <div class='ocr_carea' id='block_1_7' title="bbox 578 2027 711 2092">
    <p class='ocr_par' dir='ltr' id='par_1_7' title="bbox 578 2027 711 2092">
     <span class='ocr_line' id='line_1_13' title="bbox 578 2027 711 2092; baseline -0.015 -2"><span class='ocrx_word' id='word_1_67' title='bbox 578 2028 623 2092; x_wconf 86' lang='lat' dir='ltr'>Et</span> <span class='ocrx_word' id='word_1_68' title='bbox 639 2027 711 2090; x_wconf 84' lang='lat' dir='ltr'>ills:</span> 
     </span>
    </p>
   </div>
   <div class='ocr_carea' id='block_1_8' title="bbox 567 2132 1538 4125">
    <p class='ocr_par' dir='ltr' id='par_1_8' title="bbox 646 2132 1538 2292">
     <span class='ocr_line' id='line_1_14' title="bbox 646 2132 1538 2205; baseline 0.002 -18"><span class='ocrx_word' id='word_1_69' title='bbox 646 2136 744 2196; x_wconf 85' lang='lat' dir='ltr'>Libuit,</span> <span class='ocrx_word' id='word_1_70' title='bbox 757 2136 849 2203; x_wconf 86' lang='lat' dir='ltr'>inquit.</span> <span class='ocrx_word' id='word_1_71' title='bbox 887 2133 1051 2205; x_wconf 82' lang='lat' dir='ltr'><strong>Pamphilam</strong></span> <span class='ocrx_word' id='word_1_72' title='bbox 1071 2151 1133 2201; x_wconf 78' lang='lat' dir='ltr'>ergo</span> <span class='ocrx_word' id='word_1_73' title='bbox 1151 2133 1230 2185; x_wconf 84' lang='lat' dir='ltr'>redde</span> <span class='ocrx_word' id='word_1_74' title='bbox 1246 2132 1306 2196; x_wconf 87' lang='lat' dir='ltr'>huc,</span> <span class='ocrx_word' id='word_1_75' title='bbox 1318 2134 1369 2186; x_wconf 81' lang='lat' dir='ltr'>nisi</span> <span class='ocrx_word' id='word_1_76' title='bbox 1383 2152 1444 2188; x_wconf 78' lang='lat' dir='ltr'>eam</span> <span class='ocrx_word' id='word_1_77' title='bbox 1456 2138 1538 2188; x_wconf 78' lang='lat' dir='ltr'>mstis</span> 
     </span>
     <span class='ocr_line' id='line_1_15' title="bbox 720 2221 793 2292; baseline -0.041 -19"><span class='ocrx_word' id='word_1_78' title='bbox 720 2221 793 2292; x_wconf 87' lang='lat' dir='ltr'>eripi.</span> 
     </span>
    </p>

    <p class='ocr_par' dir='ltr' id='par_1_9' title="bbox 567 2315 1536 4125">
     <span class='ocr_line' id='line_1_16' title="bbox 577 2315 1536 2404; baseline 0.001 -23"><span class='ocrx_word' id='word_1_79' title='bbox 577 2315 722 2404; x_wconf 86' lang='lat' dir='ltr'>AEquum</span> <span class='ocrx_word' id='word_1_80' title='bbox 739 2330 770 2380; x_wconf 93' lang='lat' dir='ltr'>et</span> <span class='ocrx_word' id='word_1_81' title='bbox 782 2317 905 2401; x_wconf 89' lang='lat' dir='ltr'>justum</span> <span class='ocrx_word' id='word_1_82' title='bbox 919 2315 1046 2380; x_wconf 87' lang='lat' dir='ltr'>videtur</span> <span class='ocrx_word' id='word_1_83' title='bbox 1058 2331 1176 2402; x_wconf 89' lang='lat' dir='ltr'>petere,</span> <span class='ocrx_word' id='word_1_84' title='bbox 1190 2336 1291 2400; x_wconf 91' lang='lat' dir='ltr'>quum</span> <span class='ocrx_word' id='word_1_85' title='bbox 1305 2316 1412 2400; x_wconf 88' lang='lat' dir='ltr'>repeti</span> <span class='ocrx_word' id='word_1_86' title='bbox 1424 2316 1536 2403; x_wconf 82' lang='lat' dir='ltr'>possit,</span> 
     </span>
     <span class='ocr_line' id='line_1_17' title="bbox 576 2414 1534 2504; baseline -0.001 -22"><span class='ocrx_word' id='word_1_87' title='bbox 576 2418 661 2504; x_wconf 93' lang='lat' dir='ltr'>quod</span> <span class='ocrx_word' id='word_1_88' title='bbox 685 2417 727 2481; x_wconf 89' lang='lat' dir='ltr'>ob</span> <span class='ocrx_word' id='word_1_89' title='bbox 749 2438 875 2479; x_wconf 81' lang='lat' dir='ltr'>causum</span> <span class='ocrx_word' id='word_1_90' title='bbox 896 2415 1008 2478; x_wconf 84' lang='lat' dir='ltr'>datum</span> <span class='ocrx_word' id='word_1_91' title='bbox 1029 2429 1087 2494; x_wconf 85' lang='lat' dir='ltr'>est,</span> <span class='ocrx_word' id='word_1_92' title='bbox 1107 2414 1132 2477; x_wconf 90' lang='lat' dir='ltr'>si</span> <span class='ocrx_word' id='word_1_93' title='bbox 1153 2437 1190 2477; x_wconf 82' lang='lat' dir='ltr'>eu</span> <span class='ocrx_word' id='word_1_94' title='bbox 1211 2425 1320 2479; x_wconf 81' lang='lat' dir='ltr'>secute</span> <span class='ocrx_word' id='word_1_95' title='bbox 1339 2436 1404 2479; x_wconf 88' lang='lat' dir='ltr'>nou</span> <span class='ocrx_word' id='word_1_96' title='bbox 1426 2416 1534 2481; x_wconf 82' lang='lat' dir='ltr'>fuerit.</span> 
     </span>
     <span class='ocr_line' id='line_1_18' title="bbox 576 2513 1533 2596; baseline -0.002 -15"><span class='ocrx_word' id='word_1_97' title='bbox 576 2518 662 2596; x_wconf 83' lang='lat' dir='ltr'>Quid</span> <span class='ocrx_word' id='word_1_98' title='bbox 689 2515 810 2580; x_wconf 78' lang='lat' dir='ltr'>multa?</span> <span class='ocrx_word' id='word_1_99' title='bbox 849 2513 902 2578; x_wconf 87' lang='lat' dir='ltr'>Ad</span> <span class='ocrx_word' id='word_1_100' title='bbox 928 2515 1095 2578; x_wconf 87' lang='lat' dir='ltr'>clamorem</span> <span class='ocrx_word' id='word_1_101' title='bbox 1123 2514 1295 2578; x_wconf 87' lang='lat' dir='ltr'>meretricis</span> <span class='ocrx_word' id='word_1_102' title='bbox 1324 2515 1533 2593; x_wconf 83' lang='lat' dir='ltr'>contribules,</span> 
     </span>
     <span class='ocr_line' id='line_1_19' title="bbox 575 2617 1531 2703; baseline 0 -19"><span class='ocrx_word' id='word_1_103' title='bbox 575 2621 820 2703; x_wconf 85' lang='lat' dir='ltr'>convicaneique</span> <span class='ocrx_word' id='word_1_104' title='bbox 835 2618 1039 2694; x_wconf 88' lang='lat' dir='ltr'>conveniunt,</span> <span class='ocrx_word' id='word_1_105' title='bbox 1052 2618 1150 2682; x_wconf 85' lang='lat' dir='ltr'>turba</span> <span class='ocrx_word' id='word_1_106' title='bbox 1159 2618 1207 2691; x_wconf 82' lang='lat' dir='ltr'>fit,</span> <span class='ocrx_word' id='word_1_107' title='bbox 1219 2617 1417 2683; x_wconf 79' lang='lat' dir='ltr'>convitiatur</span> <span class='ocrx_word' id='word_1_108' title='bbox 1432 2618 1531 2695; x_wconf 85' lang='lat' dir='ltr'>miles,</span> 
     </span>
     <span class='ocr_line' id='line_1_20' title="bbox 574 2719 1531 2808; baseline -0.002 -22"><span class='ocrx_word' id='word_1_109' title='bbox 574 2723 694 2808; x_wconf 90' lang='lat' dir='ltr'>petenti</span> <span class='ocrx_word' id='word_1_110' title='bbox 731 2721 852 2785; x_wconf 85' lang='lat' dir='ltr'>viribus</span> <span class='ocrx_word' id='word_1_111' title='bbox 881 2733 912 2784; x_wconf 88' lang='lat' dir='ltr'>et</span> <span class='ocrx_word' id='word_1_112' title='bbox 944 2723 1020 2805; x_wconf 89' lang='lat' dir='ltr'>jure</span> <span class='ocrx_word' id='word_1_113' title='bbox 1055 2719 1224 2799; x_wconf 83' lang='lat' dir='ltr'>resistitur,</span> <span class='ocrx_word' id='word_1_114' title='bbox 1254 2719 1531 2808; x_wconf 81' lang='lat' dir='ltr'>denunciaturque</span> 
     </span>
     <span class='ocr_line' id='line_1_21' title="bbox 573 2822 1530 2910; baseline -0.001 -21"><span class='ocrx_word' id='word_1_115' title='bbox 573 2825 725 2889; x_wconf 85' lang='lat' dir='ltr'>furcifero</span> <span class='ocrx_word' id='word_1_116' title='bbox 741 2824 882 2887; x_wconf 90' lang='lat' dir='ltr'>omnium</span> <span class='ocrx_word' id='word_1_117' title='bbox 904 2822 1112 2908; x_wconf 87' lang='lat' dir='ltr'>ineptissimo,</span> <span class='ocrx_word' id='word_1_118' title='bbox 1129 2839 1166 2887; x_wconf 93' lang='lat' dir='ltr'>ut</span> <span class='ocrx_word' id='word_1_119' title='bbox 1189 2822 1331 2907; x_wconf 81' lang='lat' dir='ltr'>linguam</span> <span class='ocrx_word' id='word_1_120' title='bbox 1353 2845 1530 2910; x_wconf 83' lang='lat' dir='ltr'>manusque</span> 
     </span>
     <span class='ocr_line' id='line_1_22' title="bbox 574 2924 1529 3011; baseline -0.003 -20"><span class='ocrx_word' id='word_1_121' title='bbox 574 2927 744 3001; x_wconf 83' lang='lat' dir='ltr'>contineat,</span> <span class='ocrx_word' id='word_1_122' title='bbox 759 2925 836 3011; x_wconf 87' lang='lat' dir='ltr'>quia</span> <span class='ocrx_word' id='word_1_123' title='bbox 858 2925 883 2988; x_wconf 91' lang='lat' dir='ltr'>si</span> <span class='ocrx_word' id='word_1_124' title='bbox 908 2925 1072 3011; x_wconf 84' lang='lat' dir='ltr'>quippiam</span> <span class='ocrx_word' id='word_1_125' title='bbox 1095 2926 1201 2989; x_wconf 82' lang='lat' dir='ltr'>turboe</span> <span class='ocrx_word' id='word_1_126' title='bbox 1223 2924 1345 3001; x_wconf 85' lang='lat' dir='ltr'>fecerit,</span> <span class='ocrx_word' id='word_1_127' title='bbox 1361 2938 1421 2990; x_wconf 88' lang='lat' dir='ltr'>uut</span> <span class='ocrx_word' id='word_1_128' title='bbox 1441 2925 1529 2990; x_wconf 91' lang='lat' dir='ltr'>moli·</span> 
     </span>
     <span class='ocr_line' id='line_1_23' title="bbox 572 3024 1528 3112; baseline 0 -20"><span class='ocrx_word' id='word_1_129' title='bbox 572 3030 677 3108; x_wconf 92' lang='lat' dir='ltr'>minis,</span> <span class='ocrx_word' id='word_1_130' title='bbox 700 3024 758 3091; x_wconf 92' lang='lat' dir='ltr'>sibi</span> <span class='ocrx_word' id='word_1_131' title='bbox 786 3026 860 3103; x_wconf 90' lang='lat' dir='ltr'>loci,</span> <span class='ocrx_word' id='word_1_132' title='bbox 884 3027 958 3105; x_wconf 90' lang='lat' dir='ltr'>diei,</span> <span class='ocrx_word' id='word_1_133' title='bbox 982 3026 1174 3112; x_wconf 88' lang='lat' dir='ltr'>tortorisque</span> <span class='ocrx_word' id='word_1_134' title='bbox 1196 3026 1348 3090; x_wconf 83' lang='lat' dir='ltr'>memoria</span> <span class='ocrx_word' id='word_1_135' title='bbox 1368 3027 1528 3092; x_wconf 84' lang='lat' dir='ltr'>inustione</span> 
     </span>
     <span class='ocr_line' id='line_1_24' title="bbox 573 3127 1528 3213; baseline 0.002 -22"><span class='ocrx_word' id='word_1_136' title='bbox 573 3127 747 3212; x_wconf 80' lang='lat' dir='ltr'>signorum,</span> <span class='ocrx_word' id='word_1_137' title='bbox 765 3127 974 3213; x_wconf 87' lang='lat' dir='ltr'>promittitur,</span> <span class='ocrx_word' id='word_1_138' title='bbox 986 3132 1017 3192; x_wconf 92' lang='lat' dir='ltr'>in</span> <span class='ocrx_word' id='word_1_139' title='bbox 1033 3151 1106 3192; x_wconf 93' lang='lat' dir='ltr'>eum</span> <span class='ocrx_word' id='word_1_140' title='bbox 1118 3128 1349 3213; x_wconf 81' lang='lat' dir='ltr'>protendenda.</span> <span class='ocrx_word' id='word_1_141' title='bbox 1390 3129 1528 3193; x_wconf 89' lang='lat' dir='ltr'>luterro·</span> 
     </span>
     <span class='ocr_line' id='line_1_25' title="bbox 571 3228 1526 3317; baseline 0.001 -25"><span class='ocrx_word' id='word_1_142' title='bbox 571 3243 699 3313; x_wconf 78' lang='lat' dir='ltr'>gentem</span> <span class='ocrx_word' id='word_1_143' title='bbox 723 3252 755 3293; x_wconf 92' lang='lat' dir='ltr'>se</span> <span class='ocrx_word' id='word_1_144' title='bbox 774 3230 871 3293; x_wconf 81' lang='lat' dir='ltr'>Thais</span> <span class='ocrx_word' id='word_1_145' title='bbox 894 3253 1037 3315; x_wconf 85' lang='lat' dir='ltr'>quaercre</span> <span class='ocrx_word' id='word_1_146' title='bbox 1054 3232 1149 3316; x_wconf 88' lang='lat' dir='ltr'>jubet</span> <span class='ocrx_word' id='word_1_147' title='bbox 1168 3230 1225 3317; x_wconf 94' lang='lat' dir='ltr'>qui</span> <span class='ocrx_word' id='word_1_148' title='bbox 1246 3231 1437 3316; x_wconf 77' lang='lat' dir='ltr'>respondeat</span> <span class='ocrx_word' id='word_1_149' title='bbox 1458 3228 1526 3295; x_wconf 86' lang='lat' dir='ltr'>sibi.</span> 
     </span>
     <span class='ocr_line' id='line_1_26' title="bbox 572 3328 1526 3417; baseline 0.001 -23"><span class='ocrx_word' id='word_1_150' title='bbox 572 3328 667 3394; x_wconf 83' lang='lat' dir='ltr'>Miles</span> <span class='ocrx_word' id='word_1_151' title='bbox 688 3350 783 3413; x_wconf 83' lang='lat' dir='ltr'>opera</span> <span class='ocrx_word' id='word_1_152' title='bbox 810 3342 841 3391; x_wconf 89' lang='lat' dir='ltr'>et</span> <span class='ocrx_word' id='word_1_153' title='bbox 865 3350 898 3390; x_wconf 92' lang='lat' dir='ltr'>re</span> <span class='ocrx_word' id='word_1_154' title='bbox 921 3331 1058 3416; x_wconf 85' lang='lat' dir='ltr'>perdita,</span> <span class='ocrx_word' id='word_1_155' title='bbox 1081 3332 1206 3415; x_wconf 82' lang='lat' dir='ltr'>cogitur</span> <span class='ocrx_word' id='word_1_156' title='bbox 1233 3330 1337 3394; x_wconf 86' lang='lat' dir='ltr'>redire</span> <span class='ocrx_word' id='word_1_157' title='bbox 1358 3332 1526 3417; x_wconf 86' lang='lat' dir='ltr'>inglorius.</span> 
     </span>
     <span class='ocr_line' id='line_1_27' title="bbox 573 3429 1525 3516; baseline 0 -21"><span class='ocrx_word' id='word_1_158' title='bbox 573 3433 617 3495; x_wconf 88' lang='lat' dir='ltr'>Et</span> <span class='ocrx_word' id='word_1_159' title='bbox 633 3431 718 3493; x_wconf 88' lang='lat' dir='ltr'>hunc</span> <span class='ocrx_word' id='word_1_160' title='bbox 733 3429 870 3493; x_wconf 79' lang='lat' dir='ltr'>fructum</span> <span class='ocrx_word' id='word_1_161' title='bbox 884 3445 1047 3516; x_wconf 87' lang='lat' dir='ltr'>reportant</span> <span class='ocrx_word' id='word_1_162' title='bbox 1061 3433 1165 3498; x_wconf 85' lang='lat' dir='ltr'>miseri</span> <span class='ocrx_word' id='word_1_163' title='bbox 1177 3445 1349 3508; x_wconf 63' lang='lat' dir='ltr'>amatorem</span> <span class='ocrx_word' id='word_1_164' title='bbox 1370 3457 1410 3498; x_wconf 87' lang='lat' dir='ltr'>eo</span> <span class='ocrx_word' id='word_1_165' title='bbox 1422 3446 1525 3498; x_wconf 82' lang='lat' dir='ltr'>tumen</span> 
     </span>
     <span class='ocr_line' id='line_1_28' title="bbox 571 3531 1528 3620; baseline 0.003 -25"><span class='ocrx_word' id='word_1_166' title='bbox 571 3531 694 3610; x_wconf 85' lang='lat' dir='ltr'>addito,</span> <span class='ocrx_word' id='word_1_167' title='bbox 711 3532 798 3618; x_wconf 92' lang='lat' dir='ltr'>quod</span> <span class='ocrx_word' id='word_1_168' title='bbox 815 3531 895 3595; x_wconf 83' lang='lat' dir='ltr'>alius</span> <span class='ocrx_word' id='word_1_169' title='bbox 921 3533 1026 3608; x_wconf 89' lang='lat' dir='ltr'>rebus,</span> <span class='ocrx_word' id='word_1_170' title='bbox 1043 3557 1124 3620; x_wconf 85' lang='lat' dir='ltr'>quas</span> <span class='ocrx_word' id='word_1_171' title='bbox 1147 3533 1191 3596; x_wconf 93' lang='lat' dir='ltr'>illi</span> <span class='ocrx_word' id='word_1_172' title='bbox 1212 3532 1434 3620; x_wconf 87' lang='lat' dir='ltr'>perdiderunt,</span> <span class='ocrx_word' id='word_1_173' title='bbox 1449 3535 1528 3599; x_wconf 83' lang='lat' dir='ltr'>ubu-</span> 
     </span>
     <span class='ocr_line' id='line_1_29' title="bbox 574 3633 1526 3721; baseline -0.002 -20"><span class='ocrx_word' id='word_1_174' title='bbox 574 3636 662 3701; x_wconf 85' lang='lat' dir='ltr'>titur.</span> <span class='ocrx_word' id='word_1_175' title='bbox 708 3637 765 3712; x_wconf 89' lang='lat' dir='ltr'>Et,</span> <span class='ocrx_word' id='word_1_176' title='bbox 782 3659 847 3721; x_wconf 83' lang='lat' dir='ltr'>quo</span> <span class='ocrx_word' id='word_1_177' title='bbox 864 3635 964 3718; x_wconf 82' lang='lat' dir='ltr'>magis</span> <span class='ocrx_word' id='word_1_178' title='bbox 980 3633 1119 3713; x_wconf 83' lang='lat' dir='ltr'>doleant,</span> <span class='ocrx_word' id='word_1_179' title='bbox 1135 3635 1188 3721; x_wconf 90' lang='lat' dir='ltr'>qui</span> <span class='ocrx_word' id='word_1_180' title='bbox 1205 3658 1256 3698; x_wconf 82' lang='lat' dir='ltr'>eus</span> <span class='ocrx_word' id='word_1_181' title='bbox 1278 3636 1437 3700; x_wconf 87' lang='lat' dir='ltr'>meretrici</span> <span class='ocrx_word' id='word_1_182' title='bbox 1457 3657 1526 3700; x_wconf 86' lang='lat' dir='ltr'>sur·</span> 
     </span>
     <span class='ocr_line' id='line_1_30' title="bbox 570 3736 1525 3823; baseline 0.002 -23"><span class='ocrx_word' id='word_1_183' title='bbox 570 3738 680 3823; x_wconf 89' lang='lat' dir='ltr'>ripuit,</span> <span class='ocrx_word' id='word_1_184' title='bbox 703 3738 762 3801; x_wconf 87' lang='lat' dir='ltr'>sibi</span> <span class='ocrx_word' id='word_1_185' title='bbox 788 3736 972 3800; x_wconf 83' lang='lat' dir='ltr'>successisse</span> <span class='ocrx_word' id='word_1_186' title='bbox 994 3756 1056 3797; x_wconf 92' lang='lat' dir='ltr'>non</span> <span class='ocrx_word' id='word_1_187' title='bbox 1082 3748 1187 3819; x_wconf 83' lang='lat' dir='ltr'>putet,</span> <span class='ocrx_word' id='word_1_188' title='bbox 1211 3736 1269 3799; x_wconf 91' lang='lat' dir='ltr'>nisi</span> <span class='ocrx_word' id='word_1_189' title='bbox 1296 3736 1467 3802; x_wconf 78' lang='lat' dir='ltr'>stultitiam</span> <span class='ocrx_word' id='word_1_190' title='bbox 1493 3751 1525 3802; x_wconf 86' lang='lat' dir='ltr'>et</span> 
     </span>
     <span class='ocr_line' id='line_1_31' title="bbox 570 3837 1525 3920; baseline 0.004 -20"><span class='ocrx_word' id='word_1_191' title='bbox 570 3839 742 3902; x_wconf 87' lang='lat' dir='ltr'>infortunia</span> <span class='ocrx_word' id='word_1_192' title='bbox 771 3837 957 3913; x_wconf 80' lang='lat' dir='ltr'>amantium,</span> <span class='ocrx_word' id='word_1_193' title='bbox 989 3859 1126 3920; x_wconf 91' lang='lat' dir='ltr'>suosque</span> <span class='ocrx_word' id='word_1_194' title='bbox 1156 3858 1318 3901; x_wconf 86' lang='lat' dir='ltr'>successus</span> <span class='ocrx_word' id='word_1_195' title='bbox 1347 3839 1380 3902; x_wconf 92' lang='lat' dir='ltr'>in</span> <span class='ocrx_word' id='word_1_196' title='bbox 1411 3839 1525 3904; x_wconf 83' lang='lat' dir='ltr'>auditu</span> 
     </span>
     <span class='ocr_line' id='line_1_32' title="bbox 568 3937 1524 4023; baseline 0.003 -22"><span class='ocrx_word' id='word_1_197' title='bbox 568 3940 708 4001; x_wconf 90' lang='lat' dir='ltr'>omnium</span> <span class='ocrx_word' id='word_1_198' title='bbox 740 3950 939 4021; x_wconf 78' lang='lat' dir='ltr'>praeconetur</span> <span class='ocrx_word' id='word_1_199' title='bbox 967 3953 999 4001; x_wconf 89' lang='lat' dir='ltr'>et</span> <span class='ocrx_word' id='word_1_200' title='bbox 1029 3937 1180 4023; x_wconf 88' lang='lat' dir='ltr'>publicet.</span> <span class='ocrx_word' id='word_1_201' title='bbox 1241 3939 1326 4003; x_wconf 88' lang='lat' dir='ltr'>Audi</span> <span class='ocrx_word' id='word_1_202' title='bbox 1359 3938 1524 4005; x_wconf 80' lang='lat' dir='ltr'>Chaeresm</span> 
     </span>
     <span class='ocr_line' id='line_1_33' title="bbox 567 4037 1525 4125; baseline 0.006 -25"><span class='ocrx_word' id='word_1_203' title='bbox 567 4037 727 4102; x_wconf 88' lang='lat' dir='ltr'>occultum</span> <span class='ocrx_word' id='word_1_204' title='bbox 759 4037 833 4100; x_wconf 89' lang='lat' dir='ltr'>dare</span> <span class='ocrx_word' id='word_1_205' title='bbox 865 4038 1039 4125; x_wconf 74' lang='lat' dir='ltr'>Pamphiles</span> <span class='ocrx_word' id='word_1_206' title='bbox 1069 4057 1296 4125; x_wconf 88' lang='lat' dir='ltr'>corruptorem.</span> <span class='ocrx_word' id='word_1_207' title='bbox 1342 4040 1429 4119; x_wconf 83' lang='lat' dir='ltr'>Quid</span> <span class='ocrx_word' id='word_1_208' title='bbox 1461 4063 1525 4106; x_wconf 89' lang='lat' dir='ltr'>me·</span> 
     </span>
    </p>
   </div>
   <div class='ocr_carea' id='block_1_9' title="bbox 570 4140 1524 4493">
    <p class='ocr_par' dir='ltr' id='par_1_10' title="bbox 570 4140 1524 4493">
     <span class='ocr_line' id='line_1_34' title="bbox 570 4140 1194 4226; baseline 0.005 -24"><span class='ocrx_word' id='word_1_209' title='bbox 570 4141 680 4203; x_wconf 81' lang='lat' dir='ltr'>tetrice</span> <span class='ocrx_word' id='word_1_210' title='bbox 696 4140 837 4224; x_wconf 87' lang='lat' dir='ltr'>decepta,</span> <span class='ocrx_word' id='word_1_211' title='bbox 854 4140 1005 4226; x_wconf 81' lang='lat' dir='ltr'>loquatur</span> <span class='ocrx_word' id='word_1_212' title='bbox 1019 4141 1194 4225; x_wconf 85' lang='lat' dir='ltr'>egrediens.</span> 
     </span>
     <span class='ocr_line' id='line_1_35' title="bbox 639 4248 1524 4322; baseline 0.007 -23"><span class='ocrx_word' id='word_1_213' title='bbox 639 4250 710 4301; x_wconf 90' lang='lat' dir='ltr'>Num</span> <span class='ocrx_word' id='word_1_214' title='bbox 722 4250 779 4318; x_wconf 87' lang='lat' dir='ltr'>quis</span> <span class='ocrx_word' id='word_1_215' title='bbox 790 4249 832 4300; x_wconf 90' lang='lat' dir='ltr'>hic</span> <span class='ocrx_word' id='word_1_216' title='bbox 845 4252 901 4300; x_wconf 81' lang='lat' dir='ltr'>est?</span> <span class='ocrx_word' id='word_1_217' title='bbox 933 4249 1018 4302; x_wconf 89' lang='lat' dir='ltr'>Nemo</span> <span class='ocrx_word' id='word_1_218' title='bbox 1030 4254 1078 4300; x_wconf 84' lang='lat' dir='ltr'>est.</span> <span class='ocrx_word' id='word_1_219' title='bbox 1115 4248 1256 4317; x_wconf 85' lang='lat' dir='ltr'>Numquis</span> <span class='ocrx_word' id='word_1_220' title='bbox 1272 4248 1314 4302; x_wconf 86' lang='lat' dir='ltr'>hic</span> <span class='ocrx_word' id='word_1_221' title='bbox 1336 4268 1379 4304; x_wconf 89' lang='lat' dir='ltr'>me</span> <span class='ocrx_word' id='word_1_222' title='bbox 1391 4256 1524 4322; x_wconf 76' lang='lat' dir='ltr'>sequitur?</span> 
     </span>
     <span class='ocr_line' id='line_1_36' title="bbox 706 4334 931 4387; baseline -0.013 0"><span class='ocrx_word' id='word_1_223' title='bbox 706 4352 782 4387; x_wconf 89' lang='lat' dir='ltr'>nemo</span> <span class='ocrx_word' id='word_1_224' title='bbox 793 4334 870 4386; x_wconf 84' lang='lat' dir='ltr'>lromo</span> <span class='ocrx_word' id='word_1_225' title='bbox 883 4341 931 4385; x_wconf 84' lang='lat' dir='ltr'>ost.</span> 
     </span>
     <span class='ocr_line' id='line_1_37' title="bbox 635 4419 1476 4493; baseline 0.002 -18"><span class='ocrx_word' id='word_1_226' title='bbox 635 4424 742 4475; x_wconf 77' lang='lat' dir='ltr'>dum-nc</span> <span class='ocrx_word' id='word_1_227' title='bbox 754 4438 886 4492; x_wconf 83' lang='lat' dir='ltr'>erumpere</span> <span class='ocrx_word' id='word_1_228' title='bbox 898 4420 945 4471; x_wconf 85' lang='lat' dir='ltr'>hoc</span> <span class='ocrx_word' id='word_1_229' title='bbox 958 4420 1018 4472; x_wconf 85' lang='lat' dir='ltr'>licet</span> <span class='ocrx_word' id='word_1_230' title='bbox 1030 4420 1093 4471; x_wconf 87' lang='lat' dir='ltr'>milri</span> <span class='ocrx_word' id='word_1_231' title='bbox 1107 4419 1249 4486; x_wconf 78' lang='lat' dir='ltr'>gandium?</span> <span class='ocrx_word' id='word_1_232' title='bbox 1283 4420 1351 4473; x_wconf 87' lang='lat' dir='ltr'>Proh</span> <span class='ocrx_word' id='word_1_233' title='bbox 1363 4422 1476 4493; x_wconf 80' lang='lat' dir='ltr'>Jupiter,</span> 
     </span>
    </p>
   </div>
   <div class='ocr_carea' id='block_1_10' title="bbox 0 0 1938 5467">
    <p class='ocr_par' dir='ltr' id='par_1_11' title="bbox 0 0 1938 5467">
     <span class='ocr_line' id='line_1_38' title="bbox 0 0 1938 5467; baseline 0 7"><span class='ocrx_word' id='word_1_234' title='bbox 0 0 1938 5467; x_wconf 95' lang='lat' dir='ltr'> </span> 
     </span>
    </p>
   </div>
  </div>
 </body>
</html>
