3867 5467
497 761 558 823 lte
750 773 889 820 Josssrs
901 772 1184 822 umsnsssrs
1292 758 1381 839 [sm.
1401 780 1458 828 ru.

493 929 557 992 sint
578 939 643 991 tres
663 927 958 1011 philosophsutium
980 939 1090 1007 secta,
1109 950 1183 1013 qu:
1205 941 1239 992 et
1261 929 1345 1013 ipse
1369 935 1454 997 scin·

493 1028 612 1094 dunuu
636 1029 670 1092 in
696 1029 828 1092 remites
853 1030 982 1106 multus,
1003 1052 1128 1107 omnes,
1148 1032 1212 1094 etsi
1237 1030 1452 1112 dissimiliter,

492 1131 640 1196 lsborsnt
668 1144 774 1195 umen
803 1130 1006 1214 assequendo
1035 1132 1133 1196 linem
1166 1153 1268 1216 quem
1297 1145 1451 1199 statuunt

493 1230 661 1316 Siquidem
690 1230 854 1315 Epicurus
881 1245 915 1293 et
944 1243 1030 1295 totus
1061 1254 1141 1313 grex
1170 1231 1335 1297 sodalium
1366 1234 1447 1319 ejus,

494 1334 591 1398 vium
606 1335 733 1398 berem
756 1332 880 1409 neeric,
893 1353 967 1416 qne
989 1345 1080 1397 unu
1098 1354 1224 1417 semper
1240 1334 1450 1418 jocunditate

492 1436 827 1517 immerentium
846 1445 880 1498 et
900 1436 1148 1518 perturbationis
1168 1457 1235 1500 non
1256 1438 1450 1502 interrenist

493 1539 543 1602 rel
558 1539 663 1603 tenuis
677 1549 793 1602 motus.
838 1536 922 1598 Vere
937 1535 1068 1618 quidem
1088 1535 1239 1600 definitio
1252 1548 1316 1614 est,
1330 1551 1366 1602 et
1387 1560 1449 1623 qm

493 1637 573 1703 nibil
589 1650 781 1722 potestesse
796 1636 973 1702 rotundius
1010 1640 1062 1702 Ab
1076 1659 1115 1701 es
1130 1650 1239 1702 temen
1252 1640 1361 1724 plebs,
1377 1663 1448 1725 qus

492 1762 566 1805 enm
595 1735 748 1823 requitur,
778 1739 913 1804 deflexit
941 1740 976 1802 in
1006 1740 1199 1823 voluptates,
1229 1752 1388 1824 reputem
1415 1765 1448 1807 se

492 1863 599 1908 esrum
614 1863 674 1906 usu
694 1842 912 1906 beatissimam
937 1862 1010 1906 esse
1032 1842 1180 1906 futurem.
1226 1843 1315 1906 Mihi
1341 1855 1449 1909 umen

492 1941 675 2027 persuaderi
689 1942 803 2025 nequit
817 1941 879 2005 hoc
894 1942 1035 2025 aliquem
1050 1942 1196 2006 hausisse
1218 1942 1259 2007 de
1273 1944 1365 2009 sonte
1389 1946 1446 2010 So-

491 2044 624 2121 cratico,
647 2043 703 2125 qui
728 2053 850 2107 nutem
873 2064 997 2108 morum
1023 2043 1135 2108 docuit
1159 2046 1346 2129 puritatem,
1367 2059 1405 2114 ut
1427 2071 1447 2113 s

490 2148 628 2230 posteris
642 2143 781 2211 creditus
804 2147 855 2224 sit,
870 2168 935 2210 non
960 2147 1137 2211 humanum
1159 2148 1268 2225 modo,
1283 2147 1343 2213 sed
1366 2150 1446 2214 diri·

490 2271 568 2314 num
582 2249 729 2334 spiritum
744 2250 904 2314 habuisse.
948 2250 1015 2314 Sed
1031 2249 1109 2333 quis
1122 2250 1216 2314 focile
1231 2261 1282 2314 est
1303 2273 1381 2316 sure
1397 2254 1444 2316 rel

490 2370 544 2413 ore
558 2350 790 2435 insipientium,
805 2349 891 2414 dicte
905 2350 1029 2433 optime
1044 2348 1220 2433 depravari,
1234 2349 1276 2413 ed
1292 2373 1444 2436 compen·

489 2450 579 2514 dium
603 2452 813 2517 immunditie
838 2462 941 2515 tracte
962 2462 1049 2528 sunt,
1064 2472 1135 2535 quae
1151 2450 1276 2516 virtutis
1295 2475 1367 2518 esse
1390 2453 1443 2517 de·

488 2552 624 2616 buerunt
646 2554 898 2617 instrumentum.
944 2552 1028 2617 Caro
1051 2549 1210 2636 siquidem
1238 2555 1444 2637 opinsteest,

489 2653 576 2726 (nem
602 2656 664 2720 hoc
692 2656 802 2740 utique
829 2653 978 2720 cordatus
1004 2654 1102 2718 homo
1129 2676 1193 2717 non
1221 2656 1332 2736 sentit)
1357 2657 1443 2743 quod

488 2777 596 2822 amore
614 2758 764 2842 jocisque
788 2757 833 2821 nil
858 2766 907 2820 est
925 2756 1115 2840 jocundius,
1130 2757 1176 2819 nil
1200 2758 1332 2822 suevius
1353 2781 1444 2843 pers·

488 2858 583 2923 sities
593 2860 665 2936 rits,
676 2870 731 2923 cut
742 2880 849 2922 eorum
863 2860 918 2942 qui
930 2859 1099 2943 epulantur
1107 2859 1252 2942 quotidie
1263 2860 1443 2944 splendide,

488 2960 543 3043 qui
559 2960 633 3022 rino
649 2970 796 3038 metuent,
812 2959 993 3043 splendidis
1015 2972 1145 3024 utuntur
1160 2961 1320 3025 restibus:
1352 2963 1443 3027 deni·

488 3081 549 3143 que
566 3060 676 3125 omnis
689 3081 760 3145 quae
773 3082 874 3138 mens,
885 3062 1008 3143 lingua,
1018 3083 1133 3126 manus
1145 3063 1277 3146 appetit,
1290 3064 1443 3147 cogitem,

486 3163 588 3247 loqui,
602 3174 635 3227 et
649 3164 765 3244 facere,
780 3177 813 3230 et
833 3166 867 3228 in
884 3166 974 3228 nullo
989 3165 1145 3230 contraire
1161 3167 1236 3245 sibi,
1248 3177 1305 3231 aut
1319 3179 1441 3232 motum

485 3265 656 3348 reprimere
672 3266 807 3350 propriae
820 3268 1003 3341 voluntatis,
1016 3268 1113 3330 vitam
1129 3288 1198 3331 esse
1214 3268 1357 3333 hominis
1367 3290 1442 3333 vers

486 3377 519 3430 et
530 3386 655 3430 summe
667 3367 817 3432 felicitate
834 3368 1010 3449 gaudentis.
1049 3369 1113 3433 Sed
1129 3368 1277 3456 uunquid
1292 3371 1358 3435 huc
1371 3371 1440 3436 sine

484 3467 593 3534 labore
609 3465 755 3535 venitur?
784 3470 871 3545 Quot
889 3470 1010 3545 obices,
1026 3491 1066 3534 ne
1089 3472 1136 3536 sic
1153 3472 1288 3551 vivatur,
1303 3475 1441 3539 varietus

484 3572 633 3639 humone
657 3574 750 3639 sortis
772 3570 957 3659 interjacit?
991 3575 1039 3638 Ut
1060 3575 1156 3637 rebus
1177 3596 1318 3661 namque
1341 3576 1439 3640 uteris

483 3674 526 3742 sd
544 3674 682 3758 libitum,
698 3678 863 3762 opulentis
877 3676 1059 3741 necessaria
1074 3687 1131 3739 est.
1178 3677 1242 3741 His
1263 3675 1351 3740 enim
1367 3699 1439 3760 ege·

484 3799 546 3843 nus
565 3801 632 3844 non
653 3782 751 3844 utitur
767 3782 821 3857 itu,
837 3777 926 3862 quod
947 3778 1074 3856 desunt,
1089 3788 1145 3842 cut
1164 3778 1269 3860 parcit
1282 3800 1382 3863 saepe,
1396 3801 1438 3842 ne

484 3876 601 3942 desint.
646 3879 712 3943 Sed
728 3892 889 3961 ponentur
903 3877 1027 3942 edesse.
1074 3879 1160 3942 Inter
1175 3878 1295 3942 multos
1309 3900 1438 3963 compe·

483 3978 604 4056 litores,
620 3989 652 4042 et
667 3988 755 4043 lsntu
770 3991 932 4044 currentes
947 3979 1109 4058 aviditate,
1123 4001 1180 4044 eos
1194 3981 1307 4044 fortior
1327 4003 1436 4066 nepor-

483 4078 572 4142 tsbit.
618 4078 748 4142 Viribus
761 4079 869 4162 itaque
885 4099 966 4160 opus
982 4090 1041 4153 est,
1058 4092 1094 4143 ut
1109 4092 1280 4145 serventur.
1319 4083 1436 4164 Exigi·

483 4191 532 4243 tur
557 4189 687 4263 ergoet
713 4180 864 4264 potentis.
912 4181 1068 4265 Nunquid
1092 4182 1162 4246 hnc
1187 4186 1295 4264 gratis,
1316 4184 1351 4247 id
1375 4195 1437 4261 est,

482 4280 551 4345 siue
568 4283 686 4358 lsbore,
700 4298 732 4348 et
751 4282 955 4346 solicitudine
973 4283 1201 4367 acquiruntur?
1233 4285 1298 4349 Sed
1323 4287 1357 4349 iu
1383 4287 1434 4349 his

481 4384 642 4448 contemni
659 4384 773 4449 durum
796 4382 926 4467 quidem
941 4396 990 4449 ost
1004 4397 1036 4449 ct
1058 4385 1269 4464 intolerabile,
1284 4408 1323 4450 eo
1345 4386 1436 4470 quod
