3867 5467
559 777 622 836 806
813 788 949 833 ioannis
964 787 1246 833 saansaaaiaasts
1336 772 1422 852 [ara.
1437 791 1510 836 vm.

560 963 681 1004 venam.
721 942 863 1017 Quartus
877 940 918 1004 ab
933 938 1078 1025 appetitu
1100 938 1299 1019 celebritatis,
1314 951 1347 1003 et
1362 961 1511 1005 reveren·

561 1042 625 1117 tias,
651 1041 728 1105 dum
756 1042 957 1105 eminentiam
985 1039 1112 1125 quaerit,
1136 1040 1292 1107 fallaciter
1314 1039 1510 1107 intumescit.

560 1146 641 1207 Hoec
665 1156 739 1208 sunt
764 1153 906 1227 quatuor
931 1140 1073 1216 flumina,
1097 1166 1169 1227 quae
1191 1141 1366 1206 infundunt
1391 1156 1425 1206 et
1449 1144 1510 1207 cir-

559 1257 711 1309 cumeunt
740 1245 860 1318 orbem,
891 1257 922 1307 et
952 1242 992 1306 de
1021 1243 1108 1307 fonte
1144 1267 1299 1329 perversas
1333 1246 1509 1312 voluntatis

560 1346 747 1419 scaturiunt,
774 1346 830 1431 qui
858 1345 963 1409 sedem
992 1346 1108 1411 habent
1134 1345 1165 1411 in
1191 1348 1267 1423 imo,
1292 1361 1323 1411 et
1353 1348 1507 1432 originem

562 1447 754 1511 contrahunt
766 1469 785 1510 a
796 1446 864 1510 luto
876 1445 1034 1508 vanitatis.
1060 1448 1166 1523 Quum
1179 1460 1285 1510 autem
1298 1448 1506 1524 excreverint,

559 1548 700 1613 diversos
714 1573 751 1612 ex
769 1572 801 1612 se
817 1549 946 1633 pariunt
961 1548 1054 1621 rivos,
1071 1563 1103 1611 et
1124 1549 1216 1634 quasi
1227 1548 1509 1614 intumescentibus

559 1650 651 1736 aquis
670 1648 794 1729 diluvii,
814 1648 969 1711 mundum
985 1650 1138 1729 obruunt,
1152 1649 1323 1715 animantia
1337 1650 1510 1735 perimunt,

559 1765 592 1816 et
617 1750 661 1815 sic
686 1752 792 1814 omnia
817 1750 933 1824 delent,
957 1764 993 1814 ut
1020 1765 1104 1814 terra
1132 1751 1229 1815 videri
1257 1751 1355 1837 possit
1378 1752 1413 1815 in
1436 1752 1509 1816 soli·

559 1854 702 1918 tudinem
734 1852 916 1935 redigenda,
942 1852 1001 1914 nisi
1031 1852 1107 1936 quia
1136 1875 1263 1937 paucas,
1289 1852 1321 1916 id
1351 1866 1410 1928 est,
1436 1868 1509 1919 octo

558 1955 688 2029 animas,
718 1956 954 2017 resurrectionis
981 1955 1098 2018 scilicet
1124 1953 1215 2032 filios,
1238 1954 1352 2019 domus
1379 1955 1507 2020 Domini

557 2078 629 2118 arca
644 2069 816 2119 conservat.
865 2055 907 2116 Hi
926 2069 999 2118 sunt
1017 2057 1137 2140 utique,
1154 2079 1236 2141 quos
1252 2079 1291 2119 ex
1309 2058 1393 2119 omni
1413 2080 1508 2121 carne

559 2155 716 2220 Dominus
731 2156 903 2242 praelegit.
936 2160 1162 2219 Verumtamen
1179 2157 1236 2242 qni
1251 2172 1323 2220 sunt
1334 2157 1365 2220 in
1381 2156 1508 2221 diluvio

556 2281 713 2344 aquarum
743 2258 930 2334 multarum,
960 2259 1000 2321 ad
1031 2281 1103 2321 eum
1134 2281 1195 2321 non
1225 2258 1507 2345 approximabunt.

557 2365 601 2426 Et
625 2362 753 2447 quidem
778 2384 866 2425 amor
888 2360 1056 2432 commodi,
1080 2360 1206 2446 dequo
1232 2361 1418 2446 pradictum
1446 2377 1507 2443 est,

557 2461 614 2525 has
629 2462 717 2547 quasi
735 2461 765 2525 in
783 2485 867 2525 mare
882 2465 982 2525 altum
1000 2460 1106 2523 fundit
1122 2484 1235 2547 aquas,
1252 2474 1284 2526 et
1300 2460 1508 2528 invalescente

556 2563 688 2641 malitia,
704 2567 792 2627 velut
808 2562 974 2627 cataractis
989 2562 1061 2627 coeli
1082 2564 1209 2647 apertis,
1225 2565 1326 2627 varias
1343 2564 1424 2650 pluit
1441 2569 1507 2630 Do-

557 2664 673 2745 minus,
684 2667 716 2729 in
728 2679 935 2750 augmentum
952 2663 1077 2738 diluvii,
1089 2664 1295 2750 delinquendi
1309 2667 1505 2741 occasioncs;

556 2768 743 2851 permittens
766 2782 802 2831 ut
825 2767 988 2830 subtracta
1009 2766 1124 2851 gratia,
1146 2767 1201 2852 qui
1225 2766 1258 2831 in
1280 2768 1428 2833 sordibus
1449 2784 1507 2846 est,

556 2870 715 2933 sordescat
731 2868 878 2954 amplius,
890 2882 921 2932 et
937 2891 1032 2954 quem
1045 2868 1172 2954 proprio
1182 2870 1354 2935 committit
1365 2871 1507 2946 arbitrio,

556 2972 645 3056 quasi
664 2972 815 3035 ulciscens
830 2972 914 3036 ierit.
954 2971 1025 3033 Non
1042 2971 1129 3056 quod
1145 2974 1324 3057 appetitum
1340 2974 1508 3048 commodi,

556 3077 581 3135 si
599 3088 794 3159 temperatus
815 3073 866 3153 sit,
881 3073 982 3136 dicam
1007 3096 1073 3134 esse
1088 3071 1291 3158 culpabilem,
1306 3091 1363 3138 aut
1386 3076 1508 3160 copiam

556 3198 660 3238 rerum
675 3180 893 3250 sufficientem,
904 3190 960 3239 aut
974 3175 1115 3238 laetitiam
1130 3178 1253 3251 mentis,
1263 3190 1319 3241 aut
1331 3181 1505 3241 naturalem

556 3277 711 3340 libertatis
733 3301 883 3356 amorem,
905 3293 962 3342 aut
986 3279 1144 3343 eminendi
1167 3278 1314 3343 meritum
1338 3280 1451 3343 ducam
1472 3281 1506 3343 in

553 3379 701 3440 crimino:
730 3378 783 3440 sed
802 3378 879 3441 nibil
896 3380 1028 3445 istorum
1046 3381 1132 3467 quod
1149 3381 1438 3467 polliceturaffert;
1467 3407 1506 3446 eo

553 3479 683 3568 quidem
697 3479 791 3542 modo
807 3503 872 3565 quo
887 3483 1057 3565 quaritur,
1070 3484 1259 3547 contrarium
1276 3482 1381 3568 potius
1392 3506 1505 3569 opera·

553 3600 607 3649 tur
633 3583 792 3647 effectum.
830 3586 910 3647 llaec
935 3599 1041 3648 autem
1066 3586 1171 3649 onmia
1192 3586 1273 3649 bona
1295 3597 1380 3666 sunt,
1401 3585 1426 3649 si
1448 3587 1506 3663 eis,

552 3688 686 3751 docento
702 3686 816 3770 gratia,
830 3701 913 3750 recte
928 3685 1013 3750 filius
1028 3687 1180 3751 adversus
1196 3711 1319 3751 carnem
1336 3688 1459 3752 luctans
1474 3703 1506 3753 et

552 3790 748 3874 sanguinem,
775 3802 807 3852 et
830 3811 847 3851 a
874 3802 964 3875 patre
991 3789 1101 3873 gaudii
1129 3804 1161 3854 et
1183 3790 1390 3855 exultationis
1415 3791 1508 3853 bene-

552 3889 722 3966 dicendus,
746 3903 867 3962 utatur,
884 3904 914 3954 et
939 3891 1056 3953 eisdem
1080 3891 1171 3978 quasi
1191 3889 1317 3966 florida,
1341 3891 1507 3975 frugifero,

549 3988 738 4070 etjucundo
752 3989 899 4053 induitur
923 3993 1121 4056 vestimento.
1161 3994 1193 4056 Si
1211 4016 1286 4055 vcro
1307 3993 1507 4076 sanguineus,

549 4087 714 4172 fraterque
726 4088 872 4164 carnalis,
884 4105 1089 4156 contemnens
1099 4093 1210 4157 matris
1220 4094 1332 4177 gratiae
1343 4092 1506 4158 familiari-

549 4199 658 4263 tatem,
682 4186 749 4250 baec
776 4186 883 4249 omnia
909 4211 1033 4254 morum
1060 4191 1248 4255 indumenta
1274 4206 1419 4277 usurpet,
1447 4215 1506 4256 nec

546 4288 699 4371 fragrant,
717 4311 773 4352 nce
793 4289 917 4365 decent,
934 4313 991 4355 nec
1009 4294 1165 4377 pascendo
1188 4292 1345 4358 reficiunt.
1384 4295 1428 4358 Et
1445 4294 1505 4356 boc

547 4402 593 4453 cst
619 4389 699 4451 forte
727 4392 812 4476 qarod
842 4405 942 4455 vestes
966 4397 1053 4457 Esau
1082 4396 1235 4481 placuisse
1264 4398 1449 4462 scribuntur
1471 4398 1503 4460 in
