3867 5467
570 763 634 821 81⁰
827 775 963 821 marrus
979 774 1264 821 ssnrsurarrusts
1362 758 1450 838 [uu.
1465 778 1536 823 vur.

569 926 716 1012 AEgypti
730 926 935 990 immunditia
948 940 980 990 et
992 926 1182 991 crudelitate
1197 928 1343 1012 insignis,
1359 928 1420 1013 qui
1436 930 1533 992 Pom·

569 1028 675 1112 peiom
691 1029 779 1093 letho
791 1029 944 1092 damnare
964 1051 1076 1104 ausus,
1090 1045 1148 1094 aut
1165 1030 1275 1113 potius
1295 1053 1401 1094 mores
1421 1042 1531 1118 tyran-

569 1154 681 1197 norum
695 1147 787 1198 sueta
800 1132 1050 1219 presumptione
1062 1133 1259 1220 exprimenS‚
1274 1134 1332 1209 ait,

678 1269 727 1320 lus
738 1275 765 1319 et
776 1266 817 1319 sas
829 1265 923 1318 multos
933 1265 1041 1329 faciunt,
1054 1265 1207 1330 Ptolemae,
1219 1273 1354 1320 nocentes.

678 1354 734 1405 Dat
744 1370 837 1424 poeuar
847 1352 954 1406 laudata
964 1351 1042 1414 fides,
1054 1370 1133 1421 quum
1145 1354 1268 1417 sustinet,
1279 1354 1377 1423 inqair,

677 1440 753 1503 Quos
762 1438 865 1493 fortuna
876 1439 969 1510 premit
978 1457 986 1489 :
1004 1437 1067 1490 fatis
1077 1438 1184 1502 accde,
1195 1439 1316 1508 deisque,

676 1523 1098 1591 Etcolefelicewiseroefuge:
1116 1524 1286 1577 sideralem

676 1613 716 1665 Ut
727 1612 834 1675 distant,
845 1619 874 1664 ut
886 1610 992 1663 flamma
1003 1612 1078 1673 mari,
1088 1612 1127 1663 sic
1139 1610 1203 1663 utile
1215 1618 1296 1664 recto.

676 1700 841 1768 Sceptrorum
852 1698 891 1749 ris
902 1704 958 1749 tota
969 1698 1044 1767 perit,
1056 1697 1079 1748 si
1089 1697 1204 1768 pendere
1211 1698 1286 1769 justo

674 1782 784 1855 Incipit:
804 1785 947 1851 evertitque
958 1784 1027 1835 aries
1038 1789 1172 1854 raptetur
1181 1783 1295 1839 honesti.

675 1869 797 1920 Libertas
808 1868 935 1920 seeleum
947 1874 998 1929 est,
1009 1885 1068 1936 que
1079 1886 1163 1935 regua
1173 1869 1258 1920 inrisa
1268 1874 1367 1928 tuetur.

674 1953 848 2021 Sublatusque
859 1954 951 2006 modus
963 1954 1061 2021 gladii5
1085 1953 1172 2007 facere
1183 1955 1270 2006 omnin
1282 1971 1353 2009 saere

673 2039 734 2089 Nou
747 2040 853 2110 impune
864 2039 934 2102 lieet,
946 2042 997 2091 uisi
1009 2058 1089 2109 quum
1100 2038 1175 2102 facis,
1186 2046 1265 2093 exeat
1274 2040 1335 2093 aule

671 2124 726 2185 Qui
737 2125 808 2178 rolet
819 2142 877 2176 esse
888 2126 963 2192 pius:
982 2126 1064 2179 virtus
1076 2132 1103 2177 et
1114 2143 1216 2179 somma
1226 2131 1340 2197 poterim

672 2209 734 2261 Nou
744 2217 848 2275 coeunt,
859 2228 962 2282 semper
972 2218 1082 2276 metuet,
1093 2230 1171 2282 quem
1182 2229 1250 2265 aera
1259 2210 1400 2283 pudebunt.

567 2334 656 2416 Ergo
666 2342 826 2417 respectus
834 2330 956 2395 honesti
966 2346 998 2394 et
1004 2331 1265 2418 justi‚miuimus,
1273 2345 1331 2397 aut
1339 2331 1447 2398 nullus
1456 2348 1525 2409 est,

566 2436 599 2497 iu
611 2434 691 2496 facie
703 2448 923 2519 tyrannorum,
935 2447 967 2497 et
980 2434 1046 2497 sive
1059 2433 1274 2511 ecclesiastici,
1283 2438 1349 2500 sive
1365 2435 1523 2500 mundani

566 2535 640 2612 sint,
662 2535 767 2598 omnia
789 2558 881 2621 posse
903 2533 1028 2614 volunt,
1042 2550 1281 2601 contemnentes
1302 2536 1383 2623 quid
1404 2552 1521 2623 poten-

566 2638 642 2701 tiam
663 2637 828 2702 antecedat
850 2639 931 2700 hanc
950 2652 1008 2701 aut
1030 2652 1192 2724 sequatur.
1232 2640 1391 2726 Utrisque
1412 2654 1519 2704 tamen

565 2739 624 2803 hoc
654 2738 838 2823 persuaderi
868 2739 994 2818 vellem,
1021 2738 1166 2802 divinum
1189 2739 1333 2804 nondum
1355 2743 1522 2827 expirasse

559 2841 730 2928 judicium,
746 2843 832 2926 quod
848 2840 1044 2926 primigenis,
1058 2856 1090 2905 et
1106 2842 1216 2907 semini
1231 2865 1342 2906 eorum
1358 2842 1518 2907 inflictum

563 2957 625 3007 est:
650 2942 1126 3029 quod,quianolueruutquum
1139 2959 1279 3030 possent,
1287 2943 1447 3011 inflictum
1457 2961 1520 3021 cst,

563 3068 602 3108 ne
626 3045 745 3131 possint
762 3045 856 3107 etiam
876 3045 1015 3130 justitiae
1029 3046 1250 3132 obtemperare
1271 3069 1375 3133 quum
1392 3047 1518 3113 volunt.

564 3148 646 3208 Nam
662 3160 694 3209 et
709 3146 879 3233 proverbio
891 3145 952 3209 dici
965 3146 1045 3209 solet
1058 3171 1066 3209 ε
1091 3149 1242 3233 Quiaqui
1255 3173 1317 3214 non
1329 3154 1398 3216 vult
1415 3173 1517 3236 quum

562 3260 680 3330 potest,
697 3269 758 3309 nou
776 3246 889 3331 utique
906 3248 1023 3333 poterit
1039 3271 1138 3333 quum
1156 3249 1251 3316 volet.
1300 3252 1410 3340 Hujus
1425 3252 1517 3316 verbi

560 3346 657 3413 etiam
673 3368 807 3429 magnus
831 3349 969 3412 Basilius
982 3364 1094 3413 auctor
1115 3364 1174 3414 cst.
1219 3354 1366 3438 Rogatus
1387 3356 1473 3419 enim
1496 3377 1517 3417 u
1607 3395 1610 3404 ·

560 3446 754 3518 muliercula,
780 3460 816 3510 ut
839 3469 897 3532 pro
912 3471 949 3509 ea
973 3450 1107 3535 principi
1131 3449 1346 3530 intercederet,
1366 3452 1514 3517 chartam

559 3550 629 3636 ejus
651 3546 807 3635 accipiens
829 3548 873 3611 sic
896 3549 1021 3635 scripsit
1046 3551 1201 3637 principi:
1228 3551 1427 3639 Paupercula
1442 3554 1513 3618 haec

560 3651 688 3716 accessit
711 3650 752 3715 ad
776 3673 837 3729 me,
858 3649 977 3730 dicens,
1001 3674 1090 3736 posse
1113 3675 1163 3717 me
1185 3654 1272 3740 apud
1291 3668 1333 3718 te.
1378 3656 1411 3718 Si
1433 3677 1515 3741 ergo

561 3777 700 3839 possum,
723 3751 865 3816 ostende.
912 3754 956 3819 Et
978 3752 1066 3817 dedit
1091 3753 1216 3818 mulieri
1239 3754 1392 3822 chartam.
1430 3760 1512 3835 Quae

559 3856 667 3917 abiens
704 3853 793 3918 dedit
831 3854 997 3938 epistolam
1033 3854 1166 3940 principi
1179 3880 1189 3927 ;
1235 3855 1409 3945 legensque
1444 3883 1514 3923 eam

557 3954 719 4036 princeps,
735 3954 896 4037 rescripsit
914 3954 999 4019 limo:
1026 3956 1162 4041 Propter
1174 3979 1240 4035 vos,
1254 3980 1275 4020 o
1287 3971 1379 4042 pater
1393 3975 1512 4039 sancte,

556 4051 641 4115 volui
658 4053 797 4114 misereri
815 4053 1023 4133 mulierculae‚
1040 4056 1094 4119 sed
1111 4079 1175 4119 uon
1184 4060 1290 4141 potui,
1306 4080 1364 4145 pro
1374 4082 1413 4122 eo
1422 4061 1513 4145 quod

558 4154 685 4221 tributis
700 4153 854 4238 subjacet.
879 4157 1014 4222 Sanctus
1025 4181 1097 4222 vero
1110 4158 1269 4246 rescripsit
1282 4162 1325 4227 ei:
1344 4162 1511 4248 Siquidem

556 4259 662 4320 voleus
685 4278 745 4318 non
762 4254 905 4340 potuisti,
922 4256 1001 4321 benc
1027 4275 1189 4345 utcunque
1212 4284 1245 4324 se
1269 4285 1320 4328 res
1338 4262 1456 4329 habet:
1485 4268 1513 4334 si

555 4373 659 4423 autern
685 4372 795 4442 potens
812 4356 950 4438 noluisti,
974 4359 1070 4426 ducet
1096 4376 1127 4426 te
1143 4362 1291 4430 Christus
1307 4367 1348 4431 ad
1372 4367 1515 4453 indigen.
