3867 5467
634 762 695 822 106
889 769 1027 817 rosusrs
1043 767 1324 815 sanusnamaxsrs
1433 749 1520 831 [arn.
1537 770 1594 816 ru.

632 925 737 989 omnia
751 922 892 1009 optanda
906 920 1138 1008 complectitur.
1184 919 1333 984 Felicitas
1350 933 1457 984 tamen
1476 922 1589 986 virtuti

632 1038 774 1111 praestat,
804 1029 882 1110 quia
907 1025 940 1088 in
969 1023 1117 1088 omnibns
1142 1021 1347 1108 praestantius
1371 1037 1434 1100 est,
1457 1039 1589 1110 propter

632 1124 720 1211 quod
750 1123 883 1209 aliquid,
913 1147 1009 1210 quarn
1041 1122 1128 1209 quod
1159 1135 1290 1209 propter
1318 1121 1453 1207 aliquid.
1517 1124 1587 1187 Non

633 1226 717 1291 enim
737 1225 811 1291 felix
833 1240 881 1291 est
901 1226 974 1312 quis
995 1237 1033 1290 nt
1051 1238 1135 1289 recte
1154 1238 1248 1309 agat;
1273 1224 1327 1287 sed
1348 1239 1435 1290 recte
1454 1226 1537 1309 agit,
1554 1238 1587 1289 ut

632 1328 769 1393 feliciter
784 1328 880 1393 vivat.
919 1327 1015 1391 Unde
1030 1342 1061 1392 et
1078 1326 1275 1393 Socraticum
1291 1326 1369 1392 illud
1386 1328 1420 1391 in
1438 1329 1588 1392 Saturna·

632 1429 747 1494 liorum
773 1430 855 1495 libro
884 1429 1053 1493 laudatur:
1094 1428 1219 1493 Multos
1249 1429 1392 1492 homines
1418 1443 1586 1515 propterca

633 1533 714 1597 velle
729 1532 844 1610 virere,
860 1547 894 1596 ut
914 1532 1043 1595 ederent
1066 1544 1098 1595 et
1117 1531 1281 1603 biberent3
1313 1553 1346 1594 se
1364 1530 1476 1595 bibere
1492 1546 1587 1617 atquc

633 1657 710 1709 esse,
728 1646 764 1697 ut
779 1635 908 1695 viveret.
953 1632 1064 1695 Unum
1081 1631 1182 1716 igitur
1202 1644 1234 1694 et
1250 1630 1411 1713 singulare
1427 1653 1586 1694 summum

632 1732 773 1797 omnium
793 1731 948 1795 bonorum
972 1731 1139 1795 beatitudo
1160 1743 1219 1809 est,
1234 1730 1288 1794 sed
1308 1731 1349 1793 ab
1370 1753 1409 1794 eo
1431 1743 1481 1795 est
1502 1730 1588 1797 aliud

632 1833 867 1921 quodammodo
889 1833 1090 1919 quorundam
1114 1832 1280 1896 collatione
1304 1855 1476 1913 summum,
1496 1848 1529 1897 et
1552 1856 1588 1896 eo

632 1937 703 2021 ipso
722 1938 868 2019 superius
888 1934 969 2009 aliis,
985 1933 1071 2020 qnod
1094 1933 1136 1997 ad
1157 1934 1259 2009 alind,
1275 1933 1363 2019 quod
1385 1956 1460 1997 vere
1482 1934 1587 2018 singu·

633 2037 742 2102 lariter
771 2050 802 2101 et
831 2040 922 2101 unice
952 2058 1113 2100 summum
1147 2049 1206 2115 est,
1235 2033 1425 2100 familiarius
1455 2035 1586 2101 aceedit.

635 2140 793 2204 Caeterum
823 2138 864 2203 ud
894 2138 1039 2201 neutrius
1068 2138 1361 2223 apprehensionem,
1391 2137 1452 2201 nisi
1486 2138 1586 2223 philo-

634 2239 744 2327 sophia
769 2239 861 2320 duce,
882 2240 1023 2303 hnmana
1050 2239 1218 2304 infirmitas
1239 2238 1439 2305 convalescit.
1494 2241 1589 2318 Quis-

633 2344 707 2435 quis
726 2342 808 2406 enim
829 2342 895 2407 sine
914 2366 950 2406 ea
974 2342 1014 2405 ad
1038 2340 1245 2406 beatitudinis
1260 2341 1341 2405 viam
1364 2341 1482 2422 tendit,
1495 2343 1586 2430 quasi

632 2467 735 2509 caecus
746 2448 778 2509 in
791 2444 914 2508 lubrico
923 2443 1067 2517 tendens,
1076 2443 1116 2507 ad
1129 2443 1194 2507 alta
1205 2444 1587 2530 praesnmptuosuscadit.

632 2547 729 2611 Unde
744 2570 812 2611 eam
828 2545 1010 2610 divinarum
1021 2561 1052 2609 et
1064 2546 1274 2609 humanarum
1287 2567 1393 2609 rerum
1405 2561 1584 2633 compotem

632 2672 710 2729 esse,
721 2648 921 2735 Chrysippus
936 2647 1077 2721 assernit,
1089 2670 1146 2710 nec
1162 2669 1303 2733 unquam
1319 2648 1396 2711 satis
1411 2671 1504 2734 posse
1521 2648 1587 2711 lau·

632 2751 714 2831 dari,
728 2775 801 2840 qnae
824 2752 901 2815 viria
923 2748 1065 2836 expellit,
1081 2748 1217 2812 virtutes
1239 2748 1377 2813 ostendit
1394 2764 1426 2813 et
1450 2750 1584 2825 confert,

632 2866 666 2919 et
687 2856 719 2918 in
743 2855 881 2918 humana
901 2852 1085 2915 infirmitate
1110 2849 1250 2915 divinam
1274 2850 1516 2937 quodammodo
1539 2875 1587 2916 re·

632 2968 725 3040 parat
745 2952 972 3037 integritatem.
1018 2955 1062 3016 Et
1082 2966 1118 3018 nt
1139 2974 1264 3016 sensum
1288 2976 1381 3017 sunm
1405 2954 1587 3040 expressius

632 3054 785 3142 proferat,
800 3075 907 3120 omnes
923 3052 978 3138 qui
994 3076 1056 3116 non
1072 3055 1113 3119 ab
1128 3054 1193 3131 illa,
1211 3055 1259 3118 vel
1280 3056 1322 3119 ad
1337 3056 1424 3121 illam
1440 3056 1587 3142 vigilant,

633 3154 721 3241 quod
732 3167 836 3219 tamen
846 3153 887 3215 ab
897 3152 951 3215 illa
960 3168 1020 3233 est,
1030 3154 1136 3219 brutis
1147 3156 1335 3220 animalibus
1347 3156 1425 3221 dicit
1436 3181 1504 3221 esse
1515 3180 1588 3221 con·

631 3257 759 3335 formes,
770 3255 834 3317 imo
844 3267 876 3318 et
893 3255 1087 3341 stupendum
1104 3271 1214 3322 eontra
1226 3272 1370 3323 naturam
1384 3258 1587 3335 miraculum,

631 3362 664 3428 in
676 3356 863 3442 corporibus
874 3356 1021 3420 humanis
1033 3357 1145 3421 brutos
1159 3357 1302 3422 homines
1313 3383 1388 3424 esse.
1421 3360 1503 3425 Tria
1512 3384 1588 3425 vero

630 3480 747 3546 genera
763 3456 938 3534 hominum,
954 3459 1010 3542 qni
1026 3459 1168 3522 homines
1188 3474 1280 3524 sunt:
1306 3461 1383 3525 alios
1403 3462 1488 3525 enim
1510 3463 1588 3525 bru·

629 3576 679 3630 tos
693 3583 760 3625 esse
771 3560 913 3625 assernit.
953 3560 1020 3624 Alii
1032 3560 1114 3623 enim
1125 3561 1192 3646 jam
1204 3562 1407 3646 jocunditate
1419 3564 1585 3650 sapientiae

631 3664 850 3751 perfruuntur,
873 3677 905 3727 et
928 3662 959 3726 bi
983 3663 1140 3748 sapientes
1162 3678 1257 3736 sunt;
1291 3664 1343 3727 alii
1366 3666 1524 3731 accedunt
1549 3680 1585 3731 ut

631 3769 793 3847 fruantur,
816 3780 847 3831 et
878 3765 909 3829 hi
935 3779 1009 3831 sunt
1036 3763 1235 3850 philosophi;
1269 3765 1322 3829 alii
1351 3766 1517 3855 adspirent
1544 3767 1585 3832 ad

630 3869 856 3943 accedendum,
873 3864 989 3930 scilicet
1006 3866 1060 3951 qni
1082 3865 1223 3929 nondum
1247 3881 1332 3948 sunt,
1347 3883 1379 3933 et
1400 3892 1469 3933 esse
1483 3869 1587 3957 philo·

630 3967 721 4051 sophi
747 3964 985 4051 concupiscunt.
1032 3966 1165 4029 Constat
1189 3968 1270 4031 enim
1295 3992 1361 4033 esse
1386 3991 1484 4055 quam
1513 3969 1587 4056 plu-

631 4064 738 4139 rimos,
761 4067 817 4150 qui
841 4062 982 4127 nondum
1008 4062 1285 4151 philosophantur,
1309 4082 1342 4136 et
1362 4068 1459 4133 vitam
1482 4070 1586 4156 philo·

631 4165 802 4252 sophorum
820 4164 845 4228 si
864 4186 925 4227 non
945 4188 1050 4251 opere,
1067 4167 1177 4231 saltem
1201 4170 1358 4234 desiderio
1379 4176 1583 4240 oentulantur.

632 4272 706 4354 Ego
724 4269 910 4333 sententiam
929 4270 999 4355 ejus
1020 4285 1109 4334 tanto
1129 4274 1271 4338 securius
1290 4276 1445 4361 approbo,
1460 4290 1585 4361 quanto

631 4394 698 4438 eam
710 4371 785 4435 mihi
799 4371 904 4437 videre
915 4372 1024 4437 videor
1036 4374 1134 4438 sancti
1153 4375 1291 4460 Spiritus
1306 4376 1497 4443 auctoritate
1508 4378 1584 4442 sub·
