3867 5467
633 720 694 780 lus
865 729 1002 777 solunte
1017 727 1298 776 suussnntunusrs
1430 711 1514 795 [nro.
1532 731 1584 779 vn.

629 898 661 948 et
677 883 822 967 sineque
839 883 881 947 nil
897 896 982 946 recte
997 883 1081 945 inter
1096 882 1239 946 homines
1253 881 1321 967 geri
1338 894 1456 968 potest.
1497 884 1582 949 Sicut

629 998 734 1049 auteur
751 985 865 1047 morari
880 984 911 1048 in
931 983 1226 1069 justificationibus,
1242 983 1275 1047 id
1290 996 1339 1048 est
1353 984 1386 1047 in
1403 986 1583 1071 expletione

629 1085 851 1150 mendatorum
873 1086 945 1159 Dei,
962 1086 1134 1171 sapientem
1159 1085 1247 1160 facit,
1264 1091 1351 1163 (uum
1373 1098 1408 1149 et
1425 1087 1582 1173 propheta

628 1187 724 1250 dicit:
749 1192 776 1252 A
788 1187 945 1251 mandatis
956 1186 1020 1252 tuis
1034 1186 1189 1268 intellexi)
1205 1189 1249 1250 sic
1261 1188 1403 1251 animuin
1417 1188 1582 1275 explendis

628 1303 750 1376 aptare,
774 1313 810 1353 en
836 1289 965 1353 demum
995 1287 1198 1373 philosophia
1223 1290 1385 1353 verissimo
1414 1302 1475 1356 est.
1522 1290 1579 1353 Sed

629 1406 704 1455 nunt
730 1392 785 1478 qni
812 1391 954 1454 noudum
981 1389 1123 1474 explent,
1145 1402 1202 1454 ent
1223 1402 1378 1475 aptentur
1404 1391 1581 1477 explendis,

519 1551 524 1562 .
629 1493 808 1579 approbant
832 1506 950 1567 tumen,
973 1490 1061 1577 quod
1087 1492 1266 1576 suspiciunt
1290 1492 1322 1555 iu
1347 1491 1429 1569 aliis,
1453 1508 1487 1558 et
1510 1494 1580 1570 illis,

628 1608 758 1659 auctore
777 1598 856 1674 Deo,
871 1593 1054 1657 desiderant
1077 1593 1278 1657 conformari.
1324 1596 1385 1659 Est
1409 1619 1490 1679 ergo
1511 1620 1580 1680 grn-

630 1695 693 1759 dus
717 1693 984 1758 eminentissimus
1008 1715 1133 1773 eornm,
1158 1693 1214 1779 qni
1240 1693 1272 1757 in
1298 1694 1583 1780 justilicntionihnr

629 1808 842 1881 occupantur;
871 1796 1004 1875 medius,
1018 1816 1154 1881 quorum
1170 1795 1296 1858 animus
1314 1795 1488 1881 expeditus
1503 1812 1582 1863 este

629 1898 725 1972 vitiis,
748 1911 783 1962 ut
807 1922 846 1961 ex
872 1921 979 1960 umore
1001 1909 1174 1984 occupetur
1198 1898 1229 1959 iu
1251 1896 1332 1970 illis;
1360 1898 1504 1974 infimus,
1526 1901 1580 1987 qni

629 1999 810 2062 desiderant
825 1998 981 2083 expediri,
998 2013 1034 2062 nt
1058 1999 1118 2063 hoc
1142 2002 1246 2084 ipsum
1262 1999 1488 2086 concupiscere
1512 2026 1583 2089 pos·

630 2100 704 2166 sint.
749 2099 811 2178 Qui
827 2103 885 2164 etsi
909 2122 971 2163 non
995 2101 1069 2179 sint,
1083 2100 1264 2165 desiderant
1287 2114 1393 2165 tamen
1419 2126 1489 2167 esse
1512 2104 1582 2191 phi·

630 2201 764 2289 losophi.
798 2203 924 2266 Horum
938 2223 1103 2287 personam
1115 2202 1262 2266 indueret
1275 2203 1445 2288 prophete,
1455 2204 1581 2271 dicens:

631 2305 825 2390 concupivit
840 2305 944 2367 anima
959 2327 1030 2367 meo
1051 2302 1230 2369 desiderare
1247 2305 1495 2390 justificationes
1513 2321 1584 2374 tuas

604 2409 663 2470 ·in
681 2405 766 2469 omni
791 2427 941 2491 tempore.
987 2408 1071 2491 Ejus
1094 2428 1231 2492 nomque
1256 2421 1345 2471 tanta
1367 2422 1415 2472 est
1444 2409 1582 2493 pulchri·

632 2505 723 2580 tudo,
737 2507 826 2591 quod
842 2507 880 2584 si,
897 2519 933 2571 ut
957 2506 1001 2571 uit
1030 2506 1134 2582 l‘luto,
1151 2505 1250 2571 videri
1276 2520 1380 2593 posset
1396 2508 1500 2573 oculis
1515 2532 1582 2574 cor-

630 2609 727 2695 poris,
754 2631 861 2673 umore
886 2608 1049 2695 sapientie.»
1075 2603 1262 2671 mirabiliter
1291 2608 1434 2672 homiues
1461 2611 1582 2676 inflem-

631 2724 744 2791 maret,
758 2711 838 2775 udeo
855 2711 998 2796 quidem,
1015 2722 1051 2773 ut
1073 2709 1177 2794 primo
1198 2723 1331 2795 aspectu
1354 2731 1480 2776 neeesse
1502 2728 1583 2779 esset

631 2833 739 2874 omues
754 2811 786 2872 in
801 2833 937 2873 umorem
961 2810 1111 2873 incidere.
1156 2810 1250 2873 Hauc
1273 2824 1359 2874 ornat
1383 2824 1416 2876 et
1440 2813 1584 2900 exquirit

631 2935 650 2978 e
668 2912 838 2996 juventute
853 2933 911 2973 sua
925 2910 1028 2974 fidelis
1049 2912 1164 2985 anime,
1180 2913 1270 2997 cnjus
1293 2925 1436 2978 senectus
1459 2929 1583 2980 constet

631 3017 662 3077 in
685 3012 842 3097 gravitate
858 3035 1004 3091 morum3
1033 3027 1065 3077 et
1088 3015 1218 3101 puerilis
1233 3028 1321 3091 aetas,
1337 3016 1370 3079 in
1394 3016 1584 3101 ignorantie,

630 3130 662 3179 et
675 3114 799 3177 lubrico
811 3112 972 3180 vitiorum.
1006 3119 1111 3201 Super
1126 3116 1272 3197 salutem,
1283 3117 1402 3203 inquit,
1414 3132 1445 3182 et
1458 3140 1583 3183 omnem

630 3214 901 3302 pulchritudinem
914 3217 1011 3283 dilexi
1024 3220 1223 3305 sapientiem,
1235 3238 1267 3285 et
1279 3221 1429 3307 proposui
1442 3245 1503 3307 pro
1514 3221 1584 3287 luce

630 3318 747 3382 habere
761 3316 867 3384 illum:
891 3333 1047 3384 venerunt
1063 3320 1139 3384 mihi
1155 3322 1262 3384 omnia
1277 3322 1360 3385 boue
1374 3321 1495 3407 puriter
1510 3345 1583 3386 cnm

630 3419 693 3485 illa.
739 3420 773 3486 si
788 3444 865 3506 ergo
882 3422 966 3486 bona
986 3422 1091 3485 omnin
1114 3420 1276 3507 sapientire
1300 3424 1472 3487 accessorio
1497 3438 1584 3503 snut,

630 3536 662 3587 et
684 3522 886 3610 philosophie
910 3522 1051 3588 studium
1077 3524 1251 3608 snpientiae,
1275 3525 1420 3610 profecto
1444 3525 1585 3612 philoso-

629 3626 748 3713 phandi
776 3640 979 3714 contemptus
1007 3626 1161 3690 bonorum
1188 3627 1329 3689 omnium
1357 3627 1501 3691 exclusio
1525 3640 1584 3692 est.

629 3728 727 3792 Unde
742 3729 916 3813 colligitur,
931 3726 1018 3814 quod
1041 3740 1161 3812 quanto
1182 3727 1256 3812 quis
1279 3728 1489 3814 philosophias
1512 3728 1583 3792 dili·

629 3830 758 3912 geutins
773 3829 900 3907 insistit,
914 3853 951 3890 co
966 3828 1092 3891 fidelius
1107 3840 1139 3891 et
1155 3828 1274 3894 rectius
1288 3830 1329 3896 nd
1349 3829 1581 3895 beatitudinem

631 3928 746 4012 pergit.
794 3929 876 3989 Num
900 3929 1047 3999 virtutes,
1071 3926 1190 4009 quibus
1212 3931 1278 3994 itur
1300 3930 1332 3993 in
1356 3931 1491 4016 singulis
1514 3930 1581 3996 offi-

630 4025 696 4102 ciis,
712 4025 766 4087 illa
787 4024 958 4110 dispenset.
1006 4025 1066 4087 Sed
1092 4030 1167 4110 quio
1185 4044 1317 4108 veteres,
1332 4029 1403 4094 licet
1427 4054 1467 4094 ex
1491 4047 1583 4118 parte

631 4127 750 4192 anitnns
765 4126 926 4191 crederent
942 4128 1146 4209 immortales,
1162 4131 1237 4194 vitoe
1259 4147 1399 4213 aeternae,
1414 4157 1486 4219 qnae
1509 4146 1583 4219 post

630 4231 721 4296 istem
744 4230 854 4295 futuro
876 4230 1088 4310 est,nondu1n
1112 4232 1349 4298 instructionem
1374 4256 1583 4320 acceperant:

630 4354 788 4398 summum
806 4332 922 4399 bonurn
947 4336 979 4398 in
998 4335 1114 4398 virtute
1137 4336 1382 4414 constituerunt,
1400 4359 1464 4423 quo
1487 4337 1582 4423 plone
