3867 5467
485 781 548 842 ala
746 783 882 830 sciurus
898 782 1181 828 ssusssanrsssrs

482 968 544 1011 nou
560 940 709 1016 attendit,
725 940 782 1022 qui
806 934 942 999 animam
958 934 1159 999 cruciaturus
1177 947 1225 999 est
1244 934 1278 997 in
1294 935 1450 1018 gehenna.

452 1084 455 1090 ·
483 1050 596 1110 Caecus
611 1041 768 1129 siquidem
784 1053 833 1104 est
854 1039 895 1102 ad
916 1036 1061 1123 grandia,
1077 1053 1109 1101 et
1130 1060 1206 1124 quae
1228 1037 1356 1102 nullius
1376 1051 1448 1102 sunt

482 1143 703 1232 perhorrescit.
748 1144 799 1205 De
821 1139 872 1202 bis
894 1138 1018 1223 inquit:
1058 1138 1115 1201 Vre
1141 1139 1315 1223 prophetis
1341 1139 1446 1222 insipi-

483 1247 612 1312 entibus
628 1244 684 1331 qui
700 1257 881 1329 sequuntur
896 1240 1045 1327 spiritum
1062 1263 1169 1317 suum,
1182 1254 1214 1304 et
1228 1241 1310 1305 niliil
1327 1242 1443 1305 vident.

485 1348 584 1424 Quasi
607 1346 720 1433 vulpes
739 1345 771 1407 in
792 1344 937 1422 desertis,
957 1343 1124 1428 propbetas
1145 1344 1194 1406 tui
1218 1344 1322 1407 Israel
1344 1360 1442 1407 erunt.

486 1454 561 1515 Non
577 1447 763 1512 ascendistis
778 1469 817 1509 ex
833 1445 979 1523 adverso,
991 1446 1307 1530 nequeopposuistis
1319 1468 1443 1508 murum

486 1576 545 1639 pro
560 1551 655 1614 domo
671 1548 778 1622 lsrael,
796 1563 831 1612 ut
848 1550 974 1611 staretis
989 1548 1021 1610 in
1037 1546 1152 1630 praelio
1173 1546 1206 1610 in
1226 1546 1283 1610 die
1305 1548 1443 1611 Domini.

489 1652 579 1719 Nihil
594 1653 677 1716 enim
693 1652 725 1715 in
741 1651 787 1715 eis
801 1650 957 1714 libertatis
976 1662 1034 1729 est,
1049 1662 1087 1712 ut
1102 1649 1215 1713 mundi
1231 1651 1445 1734 potestatibus

488 1755 717 1840 obloquantur,
741 1753 819 1816 nihil
841 1751 983 1827 virtutis,
1004 1764 1041 1814 ut
1064 1750 1229 1815 veritatem
1253 1755 1287 1815 in
1308 1752 1446 1837 periculo

490 1871 656 1921 tueantur:
686 1857 716 1919 in
741 1854 890 1919 omnibus
913 1853 1047 1927 lucrum,
1070 1853 1102 1915 in
1125 1852 1233 1928 nullis,
1259 1867 1319 1918 aut
1341 1855 1447 1939 paucis

485 1970 637 2043 quarunt
653 1957 786 2021 salutem
804 1954 991 2020 animarum.
1030 1957 1115 2017 Dum
1132 1955 1164 2017 in
1182 1954 1251 2017 suis
1266 1958 1441 2026 obtineant,

488 2059 566 2122 dum
576 2057 616 2119 ad
628 2057 810 2121 ambitionis
819 2069 873 2120 aut
883 2055 1027 2120 avaritias
1038 2054 1188 2119 succedat
1202 2070 1327 2137 votum,
1338 2079 1444 2120 eorum

488 2183 561 2246 quae
584 2157 706 2221 Christi
729 2171 816 2237 sunt,
833 2158 963 2242 jactura
985 2158 1210 2234 contemnitur,
1235 2157 1309 2223 Fiat
1333 2182 1396 2244 pax
1416 2159 1444 2222 in

492 2258 606 2325 diebus
643 2282 765 2336 eorum,
798 2259 861 2323 sint
898 2259 1022 2322 foetosae
1061 2281 1148 2333 oves,
1184 2259 1285 2324 boves
1327 2282 1446 2334 crassa,

492 2362 713 2449 promptuaria
735 2362 840 2448 plena,
866 2361 944 2425 cibis
970 2373 1002 2424 et
1026 2362 1109 2423 vasis
1137 2374 1256 2425 onusta
1283 2384 1391 2425 mensa
1414 2361 1444 2424 in

493 2464 734 2529 admirationem
750 2463 943 2528 intuentium
959 2461 1134 2549 splendeat,
1147 2463 1244 2527 varias
1257 2478 1290 2528 et
1303 2465 1445 2550 pretiosa

496 2566 701 2651 supellectilis
723 2587 875 2651 operosus
897 2569 1004 2629 cultus
1025 2565 1177 2643 abundet,
1200 2565 1400 2631 honorentur
1419 2584 1447 2629 et

492 2667 640 2733 colantur
662 2692 681 2731 a
704 2668 818 2744 turbis,
841 2667 997 2742 ditentur,
1022 2666 1191 2731 visitentur
1212 2652 1232 2731 a
1254 2668 1396 2734 subditis
1415 2670 1446 2732 in

494 2770 691 2845 muneribus,
707 2770 748 2833 sit
764 2768 901 2854 denique
918 2768 1062 2841 liberum,
1079 2769 1221 2855 impune,
1238 2785 1271 2835 et
1288 2771 1356 2835 sine
1377 2786 1448 2836 nota

495 2873 599 2937 facere
621 2872 775 2958 quicquid
797 2873 898 2937 libido
919 2872 1102 2937 dictaverit:
1126 2872 1167 2935 ad
1190 2873 1321 2959 singula
1335 2875 1450 2953 dicant,

495 2998 587 3060 cuge,
617 2998 710 3059 euge,
742 2987 790 3050 ut,
814 2976 912 3061 juxta
940 2975 1185 3059 increpationem
1216 2977 1447 3060 pmpheticam,

497 3076 566 3141 luto
589 3077 711 3160 absque
733 3077 832 3163 paleis
853 3076 956 3140 livisse
979 3078 1100 3162 peccati
1123 3078 1265 3142 indurati
1298 3081 1449 3165 parietem

499 3179 679 3255 videantur,
695 3180 765 3264 qui,
781 3179 985 3265 praecipiente
1002 3180 1144 3255 Domini,
1160 3180 1266 3244 fuerat
1283 3181 1450 3246 fodiendus

495 3292 531 3343 ut
547 3292 663 3350 rueret,
680 3293 712 3341 et
735 3280 986 3345 abominationes
1005 3282 1183 3368 pessimoea
1202 3283 1302 3346 domo
1321 3285 1447 3348 Domini

495 3377 693 3463 disperirent.
751 3380 796 3443 Hi
827 3396 902 3444 aunt
933 3387 991 3468 qui
1021 3398 1179 3448 consuunt
1211 3385 1364 3470 pulvillos
1392 3387 1451 3450 sub

494 3480 595 3566 capite
627 3478 781 3542 universae
817 3488 932 3560 aetatis,
963 3486 1127 3549 cervicalia
1163 3502 1384 3572 supponentes
1414 3499 1449 3550 ut

495 3584 621 3670 capiant
651 3581 781 3662 animas,
810 3597 843 3647 et
872 3582 921 3648 lac
950 3586 1128 3664 comedant,
1157 3587 1236 3650 lauis
1266 3589 1451 3671 operiantur

496 3685 616 3767 ovium,
627 3708 708 3772 quas
719 3687 811 3772 quasi
824 3686 854 3751 in
868 3710 1012 3751 somnum
1024 3689 1227 3774 negligentias
1243 3688 1291 3752 vel
1309 3689 1451 3752 audaciae

496 3790 703 3854 induxerunt.
738 3790 921 3854 Furnutem
939 3792 1141 3855 convincitur
1152 3792 1193 3854 ab
1208 3792 1362 3877 operibus
1376 3792 1451 3867 suis,

497 3893 650 3975 quianon
672 3890 758 3953 venit
779 3893 838 3955 nisi
860 3906 895 3956 ut
919 3893 1056 3967 furetur,
1072 3907 1104 3958 et
1122 3893 1257 3968 occidat,
1274 3906 1304 3956 et
1323 3906 1451 3968 mactet,

494 4002 526 4053 et
542 3988 665 4071 perdat.
722 3992 873 4055 Inimicus
897 3992 1009 4078 utique
1032 3993 1226 4078 perniciosus
1248 4008 1281 4059 et
1307 4009 1450 4080 apertus,

495 4088 552 4173 qni
575 4108 633 4150 nee
655 4110 720 4151 rem
744 4095 881 4173 pastoris
904 4093 1011 4169 habet,
1033 4117 1088 4157 nec
1111 4099 1259 4181 speciem,
1281 4109 1313 4159 et
1335 4118 1392 4160 nec
1412 4096 1452 4160 ad

499 4188 622 4253 lucrum
637 4188 749 4275 pascit,
766 4189 820 4253 sed
833 4215 927 4256 suum
941 4195 1066 4258 lucrum
1084 4209 1223 4281 reputat,
1239 4197 1335 4260 etiam
1354 4219 1455 4282 quum

494 4291 620 4356 occidit.
667 4293 793 4356 Pastori
815 4292 924 4377 itaque
949 4295 1087 4361 debetur
1110 4319 1209 4375 amor,
1230 4301 1308 4383 quia
1339 4299 1458 4383 diligit.

499 4393 698 4458 lllcrecnario
713 4395 877 4481 patientia,
892 4400 969 4481 qnia
992 4397 1120 4462 videtur
1140 4413 1299 4464 amantem
1324 4400 1457 4465 imitari.
