3867 5467
595 703 654 763 tlt
846 711 983 758 ioannis
999 711 1279 757 sanasaasrrusrs
1398 695 1485 775 [un.
1502 713 1556 759 vn.

590 871 662 931 loco
688 867 827 929 horroris
849 881 881 929 et
910 877 1009 930 rastae
1039 864 1231 941 solitudinis,
1252 865 1286 927 in
1312 875 1400 929 terra
1431 867 1551 930 scilicet

589 968 770 1044 oblivionis,
785 988 879 1050 quam
896 965 942 1030 illi
957 967 1147 1044 inhabitant,
1169 967 1225 1050 qui
1242 967 1292 1029 sui
1316 968 1553 1032 obliviscuntur

589 1070 623 1132 in
649 1069 782 1146 mundo,
805 1070 890 1132 relat
913 1069 1062 1154 stupidus
1088 1067 1234 1131 ludorum
1265 1070 1412 1132 vanitate
1439 1078 1550 1152 captus

588 1173 623 1234 in
638 1171 773 1249 theatro,
788 1172 879 1255 quasi
904 1171 944 1235 de
966 1170 1056 1235 fonte
1079 1192 1155 1248 une,
1177 1171 1322 1234 omnium
1347 1171 1460 1255 capita
1481 1174 1548 1256 pnl-

589 1273 692 1337 lulant
714 1274 870 1337 vitiorum.
916 1274 982 1336 Hic
1007 1284 1112 1336 autem
1133 1282 1250 1354 puteus
1276 1272 1472 1357 cupiditatis
1491 1282 1545 1337 est.

591 1374 673 1438 Eam
699 1396 773 1438 vero
798 1375 845 1438 sic
867 1386 991 1459 patrum
1019 1373 1136 1438 diffinit
1158 1373 1342 1451 auctoritas,
1366 1384 1404 1437 ut
1429 1374 1548 1438 dicatur

591 1478 752 1560 cupiditas
768 1499 836 1541 csse
852 1498 940 1541 amor
955 1497 1074 1550 eorum,
1090 1498 1162 1559 quae
1184 1476 1257 1559 quis
1279 1477 1426 1541 amittere
1446 1487 1547 1561 potest

591 1580 717 1641 invitus.
764 1579 912 1643 Sociatur
927 1580 1011 1642 enim
1028 1578 1057 1640 ei
1074 1576 1208 1640 stultitia
1223 1598 1342 1654 comes,
1360 1577 1503 1642 suadens
1515 1578 1545 1640 id

592 1680 690 1741 amari
705 1692 737 1742 et
752 1681 862 1763 quaeri,
878 1678 963 1763 quod
981 1679 1081 1742 teucri
1101 1700 1165 1741 non
1180 1689 1295 1763 potest
1342 1680 1388 1742 Et
1411 1693 1463 1743 est
1476 1679 1547 1743 stul·

593 1778 662 1841 titia
676 1800 783 1842 eorum
800 1802 872 1864 quae
887 1779 1021 1843 scienda
1035 1790 1118 1857 sunt,
1132 1780 1247 1843 vitiosa
1262 1780 1456 1861 ignorantia.
1495 1781 1544 1844 Sic

591 1901 661 1942 eam
675 1880 758 1944 liber
777 1881 883 1962 magni
903 1881 1077 1961 Augustini
1100 1878 1140 1942 de
1162 1881 1263 1942 libero
1281 1879 1414 1943 arbitrio
1434 1881 1544 1966 pingit.

595 1979 629 2043 Si
652 1981 738 2044 euim
761 1981 921 2045 nesciatur
943 1981 1031 2065 quod
1054 1982 1127 2045 sciri
1149 2001 1215 2043 non
1238 1991 1357 2063 potest,
1374 1981 1408 2044 in
1430 2003 1544 2045 nomen

594 2080 735 2143 stultitiae
752 2081 881 2143 minime
898 2082 995 2144 eadit.
1040 2084 1083 2144 At
1097 2102 1197 2165 quum
1213 2080 1263 2144 sui
1277 2079 1462 2161 ignorantia
1481 2082 1548 2165 quis

592 2194 729 2258 tenetur,
745 2183 857 2246 transit
872 2182 913 2246 ad
932 2183 1053 2246 stultos.
1101 2184 1136 2248 Si
1157 2183 1189 2244 in
1212 2182 1316 2256 bonis,
1333 2204 1406 2266 quae
1426 2183 1547 2247 minora

593 2295 740 2367 patenter
757 2297 841 2360 sunt,
863 2284 1041 2369 majoribus
1061 2285 1197 2367 praelert,
1213 2285 1309 2348 stulte
1326 2284 1467 2367 judicat
1512 2286 1544 2348 si

593 2387 667 2449 vitia
682 2409 833 2470 sequens,
844 2400 964 2472 partem
977 2408 1068 2450 suam
1084 2386 1271 2450 deteriorem
1286 2386 1396 2464 saciat,
1405 2388 1545 2450 stultitia

593 2490 817 2554 maledictione
845 2490 1021 2554 damnatur.
1067 2489 1102 2552 Si
1127 2510 1201 2570 ergo
1227 2509 1314 2552 error
1338 2489 1434 2553 suerit
1457 2489 1545 2572 cupi·

594 2590 693 2657 ditate
705 2614 890 2671 succensus,
901 2592 1074 2675 praecipitii
1087 2591 1256 2675 multiplex
1267 2590 1318 2653 via
1333 2602 1433 2673 patet,
1447 2612 1544 2674 quum

594 2696 636 2758 ab
656 2717 761 2760 errore
780 2698 831 2774 sit,
846 2708 880 2759 ut
899 2697 1008 2772 homo,
1027 2693 1106 2778 quid
1128 2694 1169 2756 sit
1190 2692 1390 2778 sequendum
1414 2694 1546 2777 ignoret,

592 2806 625 2858 et
649 2797 754 2877 ipsum
782 2799 814 2859 in
839 2799 925 2860 invio
949 2798 1130 2873 abeuntem,
1152 2796 1266 2859 fornax
1289 2794 1479 2879 cupiditatis
1503 2794 1547 2856 in·

593 2897 743 2959 flammet.
788 2900 833 2960 Et
857 2897 990 2981 quidem
1019 2898 1124 2962 adhuc
1155 2899 1330 2982 prevalent
1359 2900 1459 2962 verba
1487 2898 1546 2961 iui-

594 3015 739 3078 quorum,
763 2997 839 3060 dum
862 2997 957 3061 homo
981 3000 1118 3082 propriae
1142 2999 1334 3080 cognitionis
1354 2999 1497 3081 ignauis,
1516 3013 1546 3062 et

596 3095 713 3159 debitas
728 3097 936 3181 subjectionis
952 3100 1132 3164 detrectans
1141 3101 1270 3185 jugum,
1284 3101 1431 3165 fictitiam
1445 3123 1546 3185 quan·
1624 3183 1627 3190 Ι

596 3196 668 3261 dam
684 3200 813 3262 affectat
828 3201 1016 3280 libertatem,
1030 3213 1066 3266 ut
1080 3205 1183 3286 possit
1197 3205 1300 3267 rivere
1315 3203 1385 3267 sine
1400 3215 1498 3278 metu,
1514 3215 1545 3266 et

594 3301 726 3382 impune
739 3301 826 3384 quod
836 3304 968 3366 voluerit
981 3306 1094 3382 lacere,
1105 3317 1136 3369 et
1152 3304 1390 3390 quodammodo
1396 3306 1467 3392 jam
1476 3326 1544 3368 esse

593 3401 677 3465 sicut
692 3401 791 3466 Deus.
838 3405 914 3466 Non
934 3415 1039 3468 tamen
1062 3406 1148 3488 quod
1171 3406 1312 3470 divinam
1332 3407 1410 3471 velit
1432 3405 1546 3470 imitati

594 3506 780 3580 bonitatem,
797 3506 854 3570 sed
877 3508 995 3584 Deum,
1010 3506 1117 3570 dando
1144 3509 1364 3592 impunitatem
1386 3507 1491 3586 malis,
1505 3506 1546 3572 ad

595 3631 685 3673 suam
716 3611 782 3673 vult
797 3611 948 3675 malitiam
979 3610 1135 3674 inclinari.
1182 3611 1233 3673 De
1262 3611 1372 3675 radice
1394 3632 1471 3692 ergo
1494 3631 1544 3675 su·

594 3713 713 3792 perbiae
736 3714 872 3795 surrepit
893 3713 1034 3785 ambitio,
1057 3712 1208 3794 potentiae
1238 3712 1363 3776 scilicet
1385 3712 1545 3797 cupiditas

595 3821 628 3872 et
642 3812 782 3887 honoris,
806 3825 841 3874 ut
864 3814 939 3875 binc
962 3816 1042 3876 vires
1063 3814 1237 3876 habeatne
1263 3824 1445 3896 prematur:
1469 3814 1544 3878 hinc

595 3913 761 3991 proveniat
786 3914 970 3988 reverentia,
997 3935 1037 3974 ne
1065 3915 1208 3978 vilescat.
1255 3914 1362 3977 Nemo
1386 3917 1473 3979 enim
1499 3928 1547 3979 est

594 4008 650 4091 qui
673 4030 737 4070 non
762 4009 898 4090 gaudeat
920 4013 1075 4091 libertate,
1098 4016 1200 4099 etqui
1224 4017 1316 4091 vires,
1333 4016 1454 4100 quibus
1475 4038 1546 4081 eam

593 4119 725 4187 tueatur,
736 4131 798 4173 non
810 4123 907 4194 optet.
944 4112 1035 4178 Nihil
1047 4117 1131 4180 enim
1142 4129 1190 4181 est
1199 4118 1287 4201 quod
1296 4140 1360 4182 non
1374 4123 1407 4183 in
1419 4141 1544 4202 permu-

594 4210 745 4276 tationem
755 4212 824 4297 ejus
832 4215 947 4294 veniat,
958 4218 1084 4283 silocus
1094 4220 1193 4284 adsit:
1211 4221 1351 4286 Servitus
1361 4222 1449 4285 enim
1459 4244 1547 4306 quae·

596 4311 670 4375 dam
681 4314 786 4398 imago
798 4319 907 4380 mortis
922 4329 982 4394 est,
993 4332 1025 4384 et
1037 4322 1165 4386 libertas
1176 4325 1331 4387 securitas
1343 4325 1426 4388 vitae.
1468 4325 1550 4389 lnde
