3867 5467
656 734 719 795 loa
888 746 1026 792 somna
1041 744 1323 795 sncsnmnssrs
1454 735 1546 817 [am
1564 758 1630 805 mr.

657 902 731 965 Hoc
751 914 859 964 autem
881 898 969 984 quod
992 902 1095 963 omnis
1109 898 1279 986 multiplex
1303 916 1407 988 quoto
1419 904 1498 970 loco
1518 908 1623 973 diam

653 1003 697 1066 ab
708 1000 841 1075 unitate,
853 1013 901 1062 tot
912 1022 1009 1085 super
1021 1001 1230 1086 particulares
1240 1002 1290 1064 sui
1301 1004 1429 1086 generis
1439 1007 1623 1083 antecedit,

654 1100 1624 1191 hisduntaxatinnotuit,quinumerisoperamimpeuderunt.

656 1204 906 1270 Mathematicus
929 1216 1037 1265 autem
1063 1202 1239 1267 consultior
1259 1205 1364 1278 norit,
1387 1206 1469 1292 quia
1491 1208 1621 1274 diversa

655 1321 729 1372 sunt
745 1306 778 1370 id
794 1305 882 1393 quod
897 1319 958 1381 ast,
973 1319 1005 1367 et
1020 1327 1088 1367 esse
1109 1305 1164 1368 rei.
1210 1306 1256 1368 Et
1276 1309 1322 1369 sic
1342 1306 1375 1369 in
1394 1309 1535 1392 singulis
1554 1312 1618 1375 dis·

654 1408 791 1495 ciplinis,
802 1406 957 1495 quaedam
965 1405 1032 1468 suis
1046 1403 1216 1488 opificibus
1231 1404 1446 1483 innotescunt,
1458 1432 1538 1495 quae
1553 1434 1618 1476 uon

655 1511 751 1576 modo
765 1511 873 1595 vulgo,
886 1507 940 1571 sed
955 1506 1026 1570 aliis
1037 1505 1237 1593 philosophis
1245 1507 1461 1573 occultantur.
1504 1512 1617 1578 Habet

654 1628 687 1679 et
702 1614 814 1695 religio
827 1610 982 1697 quaelibet
997 1607 1154 1694 principia
1169 1630 1238 1683 sua,
1252 1632 1327 1696 quae
1347 1625 1405 1676 aut
1426 1612 1512 1678 ratio
1530 1637 1618 1679 com·

655 1718 772 1792 munis,
787 1730 844 1780 aut
865 1714 967 1801 pietas
985 1711 1154 1800 persuasit,
1174 1712 1297 1798 quibus
1314 1713 1444 1800 proiicit
1463 1716 1500 1780 in
1523 1720 1617 1784 cultu

656 1819 731 1896 Dei,
745 1834 778 1883 et
792 1840 917 1882 morum
932 1814 1095 1888 exercitio,
1109 1814 1151 1877 ad
1166 1814 1371 1878 beatudinem
1392 1817 1616 1884 obtinendam.

657 1922 715 1988 Far
725 1937 831 1986 autem
844 1941 943 1984 unum
953 1918 1093 1981 omnium
1104 1916 1293 1999 religionum
1306 1918 1516 2005 principium,
1526 1921 1616 2007 quod

656 2025 758 2112 pietas
773 2024 875 2109 gratis
889 2036 922 2086 et
940 2019 1007 2083 sine
1031 2019 1097 2083 ulla
1112 2019 1301 2105 probatione
1319 2021 1479 2097 concedit,
1507 2022 1614 2088 Deum

657 2126 775 2192 scilicet
789 2138 965 2211 potentem,
984 2122 1170 2207 sapientem,
1185 2120 1318 2198 bonum,
1338 2123 1568 2199 venerabilem,
1583 2140 1616 2189 et

656 2226 825 2293 amabilem
832 2248 909 2290 esse.
954 2224 1037 2287 Nam
1051 2222 1285 2307 Epicureorum
1297 2224 1403 2287 Deum
1415 2247 1485 2289 esse
1497 2248 1618 2311 negan-

657 2333 789 2408 tium,et
798 2330 885 2394 casui
896 2325 1135 2414 subjicientium
1144 2327 1336 2412 omnia,jam
1345 2327 1472 2413 pridem
1484 2343 1618 2394 auctore

659 2433 731 2500 Deo
757 2434 895 2509 bomine,
920 2430 1052 2517 explosa
1082 2427 1240 2492 sententia
1267 2442 1326 2492 est.
1371 2430 1516 2494 Obviare
1538 2455 1616 2515 ergo

658 2535 833 2625 principiis,
849 2550 903 2601 aut
915 2535 1012 2598 rebus
1021 2554 1078 2617 per
1092 2554 1126 2597 sc
1136 2530 1230 2604 uotis,
1245 2530 1313 2594 sive
1326 2530 1368 2594 de
1376 2530 1429 2596 his
1438 2531 1617 2617 ambigere,

659 2640 810 2705 insensati
836 2650 896 2713 est,
920 2649 977 2700 aut
1000 2633 1156 2709 vecordis,
1183 2632 1248 2697 sire
1273 2632 1360 2720 quod
1386 2632 1533 2699 deterius
1557 2649 1617 2715 cst,

660 2740 831 2808 criminosi.
877 2739 938 2803 Sed
962 2760 1020 2801 nec
1042 2736 1083 2800 de
1105 2736 1155 2799 his
1177 2735 1327 2800 dubitare
1356 2732 1441 2815 licet,
1469 2759 1548 2821 quae
1576 2762 1616 2803 ex

661 2844 828 2929 principiis
841 2849 1094 2924 crrnsequuntur,
1109 2833 1187 2898 dum
1203 2858 1241 2899 ea
1256 2849 1361 2900 tamen
1378 2837 1469 2922 sequi
1482 2837 1617 2923 planum

662 2945 713 3009 rit.
761 2943 895 3007 Interim
924 2960 1062 3023 namque
1091 2951 1165 3002 sunt
1194 2938 1428 3023 questionibus
1452 2941 1618 3026 agitanda,

662 3046 740 3110 ilum
752 3044 877 3109 illorum
888 3040 928 3105 ad
941 3039 1097 3126 principia
1107 3039 1156 3103 vel
1166 3040 1369 3104 consecutiva
1377 3063 1502 3121 eorum,
1512 3044 1617 3109 colroe-

663 3147 761 3212 rencia
779 3158 896 3232 pateat.
941 3144 1023 3205 Nam
1040 3141 1080 3206 de
1095 3140 1231 3227 singulis
1242 3142 1376 3213 istorum
1390 3141 1541 3210 dubitare
1552 3169 1616 3212 non

663 3248 837 3313 estinutilc.
861 3243 1618 3332 Etquidemintalibus,donecapprehenderent

665 3352 842 3426 veritatem,
853 3349 1110 3415 Academicorum
1124 3346 1338 3434 probabilium
1348 3346 1540 3433 disceptatio
1549 3374 1618 3416 ser,

664 3453 803 3531 tebatur.
848 3452 933 3531 Quid
954 3450 1038 3515 enim
1059 3451 1167 3525 refert,
1186 3463 1243 3513 atu
1263 3471 1400 3534 quorum
1422 3450 1570 3530 interest,
1592 3455 1618 3520 ai

665 3558 722 3647 qui
734 3580 856 3643 semper
866 3570 896 3621 et
910 3555 1016 3621 omnia
1025 3553 1222 3640 quaerebant,
1233 3551 1399 3628 discentes,
1408 3565 1442 3617 et
1451 3575 1616 3641 nunquam

665 3659 705 3726 ad
722 3659 882 3725 scientium
899 3656 1040 3722 veritatis
1055 3655 1284 3739 pervenientes,
1306 3652 1384 3737 quia
1398 3652 1478 3719 nihil
1494 3671 1618 3722 certum

666 3763 782 3828 habere
804 3763 982 3826 noverant?
1005 3762 1098 3823 lianc
1121 3778 1198 3839 ergo
1220 3753 1322 3838 legem
1351 3754 1617 3824 Academicorum

666 3865 842 3955 prescribit
864 3863 988 3938 Cicero,
1009 3874 1045 3923 ut
1068 3858 1120 3923 cui
1147 3855 1392 3942 philosophandi
1415 3859 1616 3944 propositum

667 3980 725 4040 est,
741 3966 818 4027 dum
835 3988 884 4027 res
905 3964 1041 4025 obseura
1061 3975 1121 4036 est,
1142 3974 1284 4045 quaerat3
1307 3958 1386 4023 dum
1408 3961 1619 4045 probabiliter

666 4067 811 4134 elucescit
836 4065 990 4145 veritatis,
1018 4062 1209 4147 acquiescat.
1254 4064 1309 4127 nit
1331 4063 1435 4126 enim:
1469 4066 1539 4128 Nos
1560 4066 1618 4152 qui

668 4168 831 4256 sequimur
860 4164 1048 4253 probabilia,
1078 4186 1134 4226 nec
1165 4163 1249 4228 ultra
1278 4163 1310 4227 id
1341 4162 1428 4247 quod
1453 4163 1618 4249 probabile

667 4271 816 4348 occurrit,
828 4268 978 4358 progredi
992 4289 1171 4354 possumus,
1177 4280 1209 4330 et
1217 4265 1291 4331 rosel
1297 4265 1358 4333 lere
1364 4267 1431 4330 sine
1440 4263 1617 4344 iracundia,

668 4393 698 4454 et
724 4375 822 4442 refelli
847 4375 911 4440 sine
935 4372 1108 4458 pertinacia
1132 4368 1233 4457 parati
1260 4391 1379 4433 sumus.
1427 4371 1508 4446 Haec
1533 4372 1621 4446 enim
