3867 5467
487 768 529 825 90
745 779 883 825 suturis
899 780 1176 825 sanssuarunusrs
1293 762 1378 842 [urs.
1394 783 1441 827 rr.

488 932 657 1017 pugnandi
678 933 711 996 in
733 933 880 997 exercitu
901 933 1117 1013 remansisset,
1139 933 1223 998 Cato
1245 933 1288 998 ad
1310 914 1440 1020 Pompi-

487 1036 567 1100 lium
590 1036 727 1119 scripsit,
749 1046 785 1099 ut
806 1037 833 1099 si
857 1048 1019 1118 pateretur
1039 1036 1073 1098 in
1099 1037 1246 1100 exercitu
1266 1058 1443 1114 remanere,

488 1157 562 1199 eum
577 1135 718 1199 secundo
734 1137 856 1217 obliget
870 1146 1079 1210 sacramento,
1096 1137 1173 1220 quia
1192 1136 1295 1220 priore
1310 1137 1441 1214 amisso,

483 1236 555 1320 jure
571 1258 644 1300 cum
659 1236 803 1299 hostibus
823 1256 967 1317 pugnare
982 1257 1047 1298 nou
1064 1248 1198 1319 poterat.
1243 1238 1292 1299 M.
1309 1236 1441 1320 quidem

489 1337 624 1402 Catonis
638 1338 725 1401 senis
740 1337 879 1419 epistola
894 1345 941 1399 est
956 1336 997 1398 ad
1013 1338 1061 1399 M.
1074 1337 1190 1412 filium,
1200 1337 1232 1400 in
1249 1358 1313 1420 qua
1329 1338 1442 1400 scribit

488 1461 522 1503 se
532 1439 750 1516 audisse,cum
761 1440 880 1503 sactum
892 1438 1056 1502 dimissum
1067 1459 1136 1502 esse
1144 1460 1165 1501 a
1176 1439 1329 1516 Consule,
1340 1461 1441 1523 quum

487 1543 521 1607 in
537 1543 732 1608 Macedonia
743 1544 828 1605 bello
841 1542 971 1605 Persico
982 1541 1074 1604 miles
1086 1552 1179 1604 esset
1218 1542 1333 1604 Monet
1344 1541 1441 1622 igitur

489 1654 524 1706 ut
545 1653 666 1721 caveat,
686 1664 728 1705 ne
750 1642 894 1725 praelium
918 1643 1024 1719 ineat3
1054 1655 1152 1725 negat
1172 1643 1258 1705 enim
1280 1641 1336 1725 jus
1358 1662 1442 1715 esse,

488 1767 562 1809 cum
577 1745 670 1809 hoste
684 1766 837 1828 pugnare,
849 1745 904 1828 qui
920 1746 1012 1808 miles
1027 1767 1092 1807 non
1109 1746 1158 1808 sit.
1197 1746 1286 1807 Ecce
1302 1744 1379 1829 quia
1395 1746 1443 1807 rir

488 1846 740 1928 sapientissimus
762 1845 894 1908 militem
917 1865 983 1907 non
1010 1843 1174 1923 credebat,
1195 1845 1257 1907 uisi
1283 1865 1355 1907 eum
1384 1845 1439 1928 qui

488 1956 687 2011 sacramento
702 1944 742 2009 ad
758 1945 904 2009 militiam
920 1956 1135 2009 consecratur.

487 2123 570 2206 Cap.
587 2126 616 2185 8.
642 2122 814 2183 Armatam
829 2121 985 2183 militiam
999 2120 1046 2181 ad
1065 2120 1256 2201 religionem
1269 2141 1311 2184 ea
1332 2141 1440 2184 nerea·

530 2227 627 2287 ritate
643 2225 754 2301 teneri,
769 2224 852 2285 sicta
868 2223 964 2284 illum
987 2242 1056 2303 que
1079 2223 1114 2283 in
1137 2223 1222 2285 clero
1244 2222 1364 2287 divinis
1385 2222 1440 2285 nb·

530 2327 648 2409 nequiit
667 2333 890 2387 emercaretur:
918 2332 951 2387 et
972 2325 1059 2406 quod
1077 2325 1171 2387 milas
1192 2328 1276 2388 snut
1296 2325 1440 2401 honoria

531 2429 579 2489 ita
594 2435 626 2490 ct
641 2427 762 2489 laboris
777 2446 892 2488 numen
907 2434 963 2489 est.

532 2576 601 2640 Suu
627 2573 728 2660 ipsius
752 2573 926 2658 juramenti
954 2573 1050 2635 verba
1075 2572 1211 2648 revolve,
1237 2581 1269 2634 et
1294 2570 1440 2633 invenies

488 2690 639 2742 armatam
661 2676 807 2739 militiam
830 2694 895 2737 non
919 2673 1036 2749 minus,
1051 2695 1146 2757 quam
1169 2673 1378 2756 spiritualem,
1395 2691 1439 2735 ex

487 2780 678 2844 necessitate
690 2778 788 2842 officii
800 2777 840 2841 ad
853 2778 1050 2859 religionem,
1061 2788 1094 2839 et
1106 2775 1169 2838 Dei
1181 2776 1302 2837 cultum
1313 2776 1440 2854 arctari,

488 2904 586 2965 quum
605 2880 744 2943 fideliter
763 2891 794 2941 et
816 2879 993 2941 secundum
1011 2880 1117 2941 Deum
1133 2877 1269 2960 principi
1285 2876 1441 2940 debeatur

488 2980 688 3064 obsequium,
703 2990 736 3041 et
750 2979 937 3061 reipublicae
960 2979 1095 3062 pervigil
1119 2979 1297 3042 famulatus.
1343 2977 1441 3041 Unde

488 3082 573 3166 quod
599 3080 746 3163 praedixi,
770 3080 826 3163 qui
850 3102 910 3144 nec
938 3081 1034 3144 electi
1060 3092 1145 3159 sunt,
1167 3101 1226 3144 nec
1248 3080 1357 3162 jurati,
1379 3080 1439 3143 etsi

487 3185 624 3248 militum
649 3180 779 3244 nomine
805 3192 1008 3255 censeantur,
1030 3203 1095 3244 non
1122 3182 1225 3263 magis
1249 3182 1282 3243 in
1306 3181 1438 3245 veritate

487 3282 604 3346 milites
629 3292 715 3356 sunt,
742 3301 837 3362 quarn
865 3280 1047 3344 sacerdotes
1073 3291 1106 3343 et
1136 3282 1255 3358 clerici,
1281 3302 1364 3363 quos
1394 3280 1437 3344 ad

486 3383 614 3446 ordines
636 3384 774 3446 ecclesia
796 3404 862 3445 non
886 3383 1022 3445 vocavit
1067 3383 1167 3446 Miles
1192 3403 1330 3465 namque
1354 3383 1439 3445 sicut

485 3483 617 3559 laboris,
632 3484 676 3546 ita
698 3497 730 3546 et
752 3483 882 3546 honoris
904 3504 1021 3546 nomen
1044 3497 1102 3547 est.
1147 3485 1254 3546 Nemo
1276 3503 1351 3546 sero
1373 3480 1436 3544 sibi

487 3586 638 3649 honorem
656 3586 762 3663 sumit,
777 3584 833 3648 sed
849 3584 904 3667 qui
921 3596 1083 3649 vocatura
1100 3586 1250 3663 Domino,
1263 3583 1304 3646 de
1319 3585 1437 3646 collato

487 3689 608 3753 honore
635 3689 793 3773 gloriatur.
840 3686 975 3771 Moyses
1000 3699 1033 3751 et
1061 3687 1165 3750 fidelis
1190 3685 1301 3770 populi
1326 3683 1437 3761 duces,

487 3813 586 3876 quum
610 3792 720 3855 hostes
742 3800 926 3875 oportuerat
954 3790 1146 3875 impugnari,
1169 3790 1331 3872 eligebant
1354 3788 1437 3850 viros

486 3894 594 3968 sortes,
610 3904 642 3955 et
656 3892 696 3954 ad
710 3894 795 3955 bella
814 3891 1028 3954 doctissimos.
1074 3893 1274 3954 Electionem
1296 3908 1436 3970 namque

485 3993 546 4053 ista
575 3991 783 4072 praeveniunt.
843 3990 907 4061 Qui
937 4010 1011 4053 vero
1048 4013 1113 4054 uon
1144 3993 1264 4054 electus
1293 3990 1435 4072 seipsum

485 4091 608 4154 militias
623 4090 749 4169 ingerit,
764 4091 796 4152 iu
813 4110 847 4152 se
864 4088 1004 4169 gladium
1021 4105 1183 4175 provocat,
1198 4114 1293 4176 quem
1309 4089 1437 4175 propria

487 4192 663 4255 temeritate
689 4202 829 4276 usurpat.
876 4194 914 4255 ln
938 4194 1199 4257 constitutionem
1222 4215 1297 4275 ergo
1323 4211 1435 4274 perpe·

486 4305 573 4359 tuam
588 4294 711 4372 incidit,
723 4295 800 4379 quia
815 4295 870 4379 qui
886 4296 1030 4377 gladium
1045 4297 1174 4380 accipit,
1186 4296 1293 4379 gladio
1308 4293 1436 4379 peribit·

486 4398 521 4462 si
545 4417 617 4460 sero
638 4399 671 4460 iu
694 4419 734 4460 eo
757 4397 923 4461 Ciceronis
945 4399 1119 4462 auctoritas
1141 4398 1306 4481 recipitur,
1318 4396 1347 4458 is
1368 4414 1433 4456 non
