3867 5467
483 807 526 866 ⁰8
756 814 893 861 soranis
909 812 1187 859 sanasnnarnnsrs
1295 798 1384 878 [ιω.
1399 818 1445 862 vr.

486 991 581 1055 quam
611 969 768 1050 integrum
798 969 1049 1030 emolumentum
1084 979 1117 1029 et
1150 987 1268 1029 nomen
1303 968 1443 1033 heredis.

485 1069 597 1137 Mitior
611 1070 696 1134 enim
713 1070 797 1133 circa
813 1091 867 1132 eas
882 1069 979 1132 debet
1001 1089 1071 1131 esse
1094 1068 1267 1147 sententia,
1282 1089 1367 1152 quas
1387 1092 1444 1156 pro

486 1174 668 1238 infirmitate
697 1194 806 1251 sexus,
836 1172 942 1234 minus
971 1191 1103 1235 ausuras
1131 1191 1203 1233 esse
1236 1171 1442 1236 confidimus.

488 1279 616 1341 Uxores
638 1296 715 1339 sane
737 1272 962 1359 praedictorum
986 1283 1173 1354 recuperata
1195 1270 1283 1351 dote,
1296 1272 1325 1336 si
1349 1275 1384 1336 in
1405 1294 1442 1337 ea

486 1377 672 1442 conditione
695 1374 824 1450 firerint,
845 1383 881 1436 ut
907 1394 978 1456 quae
1003 1393 1021 1435 a
1043 1372 1116 1435 viris
1143 1372 1234 1437 titulo
1257 1372 1442 1438 donationis

487 1487 694 1562 aeceperunt,
722 1475 798 1537 filiis
833 1472 972 1535 debeant
1005 1492 1176 1549 reservare,
1205 1482 1350 1555 tempore
1379 1495 1441 1558 quo

488 1578 686 1643 ususfructus
720 1575 906 1650 absumitur,
937 1574 1045 1637 omnia
1080 1594 1119 1637 ea
1153 1572 1233 1636 fisco
1267 1588 1381 1638 nostro
1408 1596 1440 1638 se

488 1679 652 1742 relicturas
681 1697 750 1738 esse
781 1685 990 1755 cognoscant,
1017 1694 1088 1757 quae
1112 1673 1208 1757 juxta
1235 1673 1342 1755 legem
1370 1674 1442 1737 filiis

489 1778 674 1842 debeantur.
719 1773 862 1837 Falcidia
884 1775 982 1837 etiam
998 1795 1041 1836 ex
1055 1773 1106 1834 his
1120 1774 1215 1836 rebus
1231 1771 1361 1837 filiabus
1376 1785 1442 1838 tan·

489 1891 568 1956 tum,
590 1899 656 1941 non
679 1877 774 1940 etiam
797 1876 873 1939 filiis
895 1875 1073 1959 deputetur.
1119 1874 1160 1937 ld
1182 1874 1271 1958 quod
1294 1876 1336 1940 de
1364 1897 1442 1960 prae·

490 1980 595 2057 dictis,
609 1999 782 2064 eorumque
801 1978 878 2042 filiis
898 1979 1051 2055 cavimus,
1072 1978 1168 2041 etiam
1190 1975 1231 2040 de
1253 1979 1443 2043 satellitibus

490 2079 630 2145 consciis
643 2101 682 2143 ac
697 2079 858 2157 ministris,
873 2077 1013 2162 filiisque
1035 2097 1144 2140 eorum
1167 2077 1262 2140 simili
1278 2079 1442 2143 severitate

490 2202 669 2246 censemus.
714 2180 798 2243 Sane
823 2180 849 2241 si
878 2179 951 2262 quis
981 2200 1022 2242 ex
1048 2179 1100 2242 his
1128 2178 1161 2239 iu
1190 2178 1326 2243 exordio
1357 2182 1442 2245 initae

490 2283 647 2359 factionis,
661 2280 767 2345 studio
784 2303 864 2345 rerae
880 2280 986 2344 laudis
1001 2301 1170 2357 accensus,
1184 2281 1254 2362 ipse
1269 2280 1443 2363 prodiderit

492 2385 675 2460 factionem,
694 2395 726 2446 et
747 2383 878 2466 praemio
901 2404 921 2445 a
941 2382 1036 2445 nobis
1060 2391 1095 2445 et
1120 2382 1241 2444 honore
1263 2380 1443 2449 donabitur.

493 2488 527 2551 Is
550 2507 624 2551 vero
646 2486 701 2570 qui
724 2506 800 2548 usus
823 2485 915 2548 fuerit
937 2484 1088 2562 factione,
1102 2484 1130 2545 si
1150 2493 1257 2547 tamen
1280 2483 1443 2568 incognita

493 2589 534 2655 ad
556 2589 626 2654 baec
649 2588 855 2652 consiliorum
883 2607 999 2651 arcana
1024 2586 1217 2670 patefecerit,
1241 2587 1443 2653 absolutione

492 2702 599 2758 tumen
616 2702 648 2756 et
663 2690 754 2755 venia
769 2687 883 2772 dignus
898 2688 1076 2752 habebitur.

495 2951 576 3034 Cap.
593 2953 644 3013 96.
671 2947 765 3017 Quod
784 2950 865 3011 uitia
879 2947 1024 3028 ferenda
1048 2956 1136 3024 eunt,
1157 2956 1216 3010 aut
1240 2949 1394 3028 tollendo,
1414 2960 1444 3014 et

537 3053 712 3135 aflupitiis
726 3051 870 3112 deistunt:
895 3058 927 3113 et
939 3053 1109 3131 penerulia
1119 3052 1268 3135 quedam
1279 3061 1446 3134 precepto

536 3155 577 3216 de
596 3152 699 3237 officio
713 3154 895 3233 principia
920 3161 952 3215 et
976 3153 1078 3216 meeis
1100 3154 1244 3234 epilopua
1258 3162 1385 3236 quantu
1404 3157 1445 3217 rit

536 3255 716 3317 reuerentia
732 3254 764 3315 ei
776 3253 971 3317 exhibenda.

539 3391 625 3453 Hac
641 3387 771 3471 quidem
787 3409 891 3471 pauca
906 3387 946 3451 de
962 3387 1071 3451 multis
1086 3395 1250 3472 excerpta,
1265 3387 1307 3451 de
1321 3389 1444 3454 sincera

494 3513 574 3555 vena
587 3490 681 3576 juris,
697 3489 845 3571 praesenti
864 3490 1021 3573 opusculo
1042 3490 1149 3553 curari
1169 3490 1320 3569 inserere,
1334 3512 1400 3574 quo
1414 3501 1447 3555 et

490 3593 572 3681 juris
601 3593 714 3676 ignari,
743 3613 761 3653 a
791 3591 963 3675 majestatis
994 3589 1126 3654 crimine
1166 3590 1290 3674 seipsos
1318 3591 1445 3674 longius

495 3705 675 3763 amoverent
699 3692 752 3756 his
776 3691 938 3775 inspectis,
964 3701 998 3753 et
1026 3711 1067 3752 ne
1094 3690 1262 3774 quisquam
1288 3691 1445 3775 meipsum

496 3799 705 3864 calumnietur
720 3797 753 3858 in
769 3795 878 3877 aliquo
889 3792 1042 3857 aduersus
1059 3793 1278 3856 auctoritatem
1294 3791 1447 3875 principis

496 3900 658 3983 quippiam
670 3894 920 3978 praesumpsisse.
966 3894 1042 3957 Dici
1052 3894 1143 3970 solet,
1153 3893 1229 3976 quia
1238 3892 1306 3956 sine
1314 3894 1445 3956 laesione

495 3999 661 4078 unguium,
676 4016 740 4056 non
763 3994 856 4056 facile
880 4005 1059 4058 removetur
1079 3994 1176 4057 robur
1197 4015 1217 4056 a
1231 3995 1366 4059 subere:
1389 3992 1446 4057 sed

496 4098 596 4161 multo
619 4093 741 4177 aquius
763 4105 795 4155 et
817 4092 911 4155 citius
932 4093 1071 4170 iaeditur,
1091 4095 1237 4178 quisquis
1258 4094 1446 4179 obsequium

495 4196 709 4261 membrorum
724 4191 862 4275 sejungit
876 4216 894 4256 a
910 4194 1025 4277 capite.
1070 4196 1185 4276 Vigeat
1200 4216 1325 4279 semper
1339 4197 1447 4261 excel·

495 4297 592 4362 lentia
621 4294 747 4377 capitis,
770 4294 846 4377 quia
875 4295 906 4357 in
934 4317 973 4357 eo
998 4296 1095 4359 totius
1126 4297 1270 4380 corporis
1299 4297 1450 4360 consistit

497 4402 591 4465 salus.
636 4398 736 4460 Varro
760 4395 793 4458 in
817 4396 930 4479 Satyra
952 4418 1023 4479 quar
1047 4397 1234 4480 Menippaea
1255 4398 1450 4476 inscribitur,
