3867 5467
487 765 547 822 166
743 781 879 824 ioannis
896 780 1173 827 sanasnamassrs
1290 766 1376 847 [trs.
1395 789 1451 833 vu.

490 929 643 991 Successit
667 929 711 991 eis
730 928 1054 1014 sobolessnumerosa,
1069 932 1172 1018 replet
1195 934 1315 1001 atrium
1338 936 1451 1000 domus

487 1031 627 1107 Domini,
654 1033 791 1096 alienum
824 1035 928 1116 ignem
961 1034 1148 1099 accendunt.
1194 1036 1336 1101 Adolere
1359 1039 1450 1103 thura

487 1136 635 1197 nituntur
653 1135 819 1220 prohibiti,
835 1150 865 1198 et
884 1137 1132 1201 Datbanitarum
1155 1152 1188 1202 et
1205 1140 1447 1206 Abironitarum

489 1238 638 1301 societate
667 1252 837 1314 contracta,
864 1240 992 1302 irruunt
1023 1239 1055 1302 in
1090 1241 1240 1326 Moysen,
1275 1241 1449 1307 scindentes

489 1342 674 1420 Ecclesiam,
690 1340 899 1405 sacerdotium
917 1343 1151 1425 perturbantes,
1169 1343 1360 1410 seditionem
1377 1348 1447 1410 saci-

490 1461 578 1510 entes
608 1447 639 1507 in
671 1443 800 1529 populo,
827 1443 884 1506 nisi
912 1442 952 1506 ad
981 1443 1192 1508 sacerdotium
1220 1450 1446 1532 permittantur

489 1549 644 1613 accedere.
669 1549 776 1624 Quum
789 1545 870 1608 enim
884 1545 942 1608 sibi
953 1546 1187 1611 conciliaverint
1197 1549 1336 1630 gratiam
1350 1563 1448 1635 potes·

491 1667 605 1727 tatum,
621 1651 746 1735 dejure
762 1661 869 1733 patere
885 1647 945 1710 sibi
960 1661 1104 1712 asserunt
1121 1649 1289 1727 universa;
1312 1651 1444 1736 eoquod

491 1754 648 1839 princeps,
673 1766 708 1815 ut
732 1752 854 1825 dicunt,
872 1749 996 1833 legibus
1017 1772 1077 1813 nrm
1102 1750 1285 1834 subjicitur,
1306 1768 1337 1817 et
1361 1754 1443 1840 quod

491 1854 624 1938 principi
634 1853 736 1938 placet
746 1850 1082 1935 legishabetvigorem.
1105 1852 1303 1937 Quumergo
1312 1854 1447 1940 populus

491 1956 530 2030 ei,
547 1956 624 2018 etin
642 1975 714 2016 eum
734 1975 856 2016 onmem
874 1953 1094 2016 auctoritatem
1115 1975 1204 2015 suam
1221 1956 1402 2030 contulerit,
1418 1958 1445 2020 ei

489 2056 617 2120 obviare
636 2056 753 2117 crimen
775 2057 948 2139 majestatis
970 2069 1028 2132 est,
1046 2067 1076 2118 et
1097 2054 1266 2119 manifesta
1285 2057 1446 2122 subversio

490 2159 696 2245 principatus.
735 2157 902 2242 Siquidem
925 2155 1079 2241 sacrilegii
1100 2159 1201 2221 instar
1220 2171 1283 2235 est,
1300 2159 1446 2225 dubitare

490 2286 529 2327 an
546 2264 572 2327 is
587 2265 704 2348 dignus
720 2261 769 2335 sit,
786 2282 881 2345 quem
900 2262 1048 2345 princeps
1062 2259 1202 2344 elegerit.
1242 2261 1312 2325 Nec
1327 2264 1447 2328 temeri-

490 2370 565 2443 tatis
591 2366 702 2451 effugit
729 2378 847 2437 notam,
874 2376 906 2426 et
932 2362 1012 2424 benc
1037 2384 1108 2425 cum
1135 2385 1173 2424 eo
1199 2364 1320 2447 agitur,
1345 2369 1370 2429 si
1398 2366 1446 2429 vel

491 2490 627 2556 poenam,
639 2464 785 2550 quisquis
795 2485 833 2524 ex
848 2483 1039 2545 quacunque
1048 2483 1142 2523 causa
1153 2460 1350 2526 voluntatem
1361 2465 1445 2550 prin.

491 2571 571 2657 cipis
590 2588 741 2632 eracuare
764 2574 862 2649 parat.
903 2560 1018 2626 Nullas
1040 2561 1124 2646 leges
1141 2562 1278 2627 credunt
1299 2563 1447 2630 civilibus

492 2672 714 2761 praeferendas,
759 2671 829 2732 Has
857 2665 1049 2728 Anacharsis
1079 2665 1198 2749 Scytba
1228 2666 1301 2731 telis
1325 2690 1448 2733 araneae

490 2773 696 2861 comparavit,
713 2793 786 2857 quae
802 2790 924 2832 muscas
938 2780 970 2830 et
985 2766 1101 2829 culices
1118 2765 1273 2844 detinent,
1290 2770 1345 2833 sed
1362 2770 1446 2835 vola·

490 2879 558 2943 tilia
575 2875 792 2941 trertrsmittnnt
804 2868 984 2955 grandiora.
1014 2868 1068 2933 Sic
1080 2881 1110 2931 et
1122 2869 1197 2952 jura
1209 2869 1328 2946 civilia,
1341 2871 1446 2939 bumi-

490 2981 603 3043 liorum
621 2974 797 3060 reprimunt
813 2972 1008 3043 voluntates;
1034 2970 1087 3034 sed
1104 2971 1248 3054 profecto
1259 2976 1446 3057 potentiori-

488 3081 551 3145 bus
573 3078 701 3143 cedunt.
748 3075 829 3137 Nam
855 3096 894 3136 ex
918 3072 1166 3155 transgressione
1192 3072 1241 3135 vel
1267 3088 1445 3142 contemtu-

490 3182 661 3265 lcgitimam
678 3180 722 3241 cis
734 3198 796 3238 non
814 3180 955 3258 irrogant
972 3196 1109 3260 poenatn,
1122 3174 1177 3237 scd
1194 3196 1252 3238 nec
1264 3175 1445 3263 interpella-

490 3298 538 3346 tos
554 3279 682 3365 quidem
696 3290 789 3340 cama
804 3276 1055 3340 dissimulatione
1066 3290 1273 3362 praetereunt.
1305 3279 1359 3344 Ad
1376 3279 1445 3346 baec

488 3379 666 3465 conquisita
692 3392 900 3463 tyrannorum
925 3378 1072 3464 exempla
1101 3393 1296 3465 proponunt,
1323 3381 1445 3468 quibus

489 3481 700 3568 persuadeant
732 3480 944 3565 potestatibus
975 3482 1121 3547 universa
1150 3481 1254 3547 licere.
1300 3484 1444 3549 Maxime

488 3603 591 3653 tamen
609 3585 709 3649 sicubi
732 3583 870 3647 locorum
894 3584 1025 3661 suerint,
1041 3584 1097 3647 ubi
1118 3583 1292 3649 inveterata
1311 3608 1443 3651 consue·

487 3691 568 3755 tudo
578 3689 731 3765 obtineat,
744 3686 837 3751 etiam
851 3689 875 3750 si
888 3686 1001 3750 rationi
1013 3686 1199 3749 adversetur
1209 3701 1240 3751 et
1255 3687 1327 3773 legi.
1361 3690 1443 3756 Nar·

486 3807 557 3855 rant
571 3792 643 3877 quis
659 3804 812 3875 tyrannus
827 3786 1034 3851 domesticum
1051 3810 1155 3862 suum,
1169 3802 1224 3853 aut
1240 3789 1442 3867 familiarem,

486 3894 629 3976 inquam
647 3892 823 3953 Ecclesiam
845 3891 910 3953 sine
925 3890 1076 3954 electione
1095 3889 1272 3967 intruserit,
1289 3893 1364 3977 quis
1378 3892 1442 3957 cle-

486 4015 568 4068 rum,
584 4007 619 4053 ut
643 3992 786 4071 ignotum
810 4005 841 4053 et
862 3991 1029 4077 indignum
1051 3992 1192 4077 eligeret,
1208 3993 1386 4057 terroribus
1408 4008 1439 4057 et

486 4089 608 4155 damnis
618 4087 871 4174 impulerit,quis
883 4091 1054 4155 Ecclesiam
1064 4090 1123 4156 Dei
1135 4091 1311 4157 vendiderit
1323 4093 1442 4180 palam,

487 4193 558 4278 quis
578 4188 857 4274 metropolitanum
877 4193 1067 4278 compulerit
1083 4192 1315 4277 reprobabilem
1331 4217 1440 4258 conse·

485 4318 582 4370 crare,
599 4293 671 4377 quis
687 4293 862 4379 Episcopus
880 4295 1041 4379 religiosos
1058 4295 1089 4358 in
1106 4293 1237 4357 exilium
1254 4298 1367 4379 egerit,
1383 4312 1440 4363 attt

484 4413 569 4473 actos
585 4397 624 4458 ab
646 4395 724 4474 aliis,
741 4399 879 4480 coegerit
896 4396 1037 4472 exulare,
1053 4397 1126 4481 quis
1142 4394 1316 4461 Ecclesiam
1339 4413 1369 4462 ct
1391 4422 1441 4476 res
