3867 5467
485 801 548 858 374
724 810 863 856 scissis
876 809 1159 856 saansasarrasts
1282 793 1366 873 [un.
1380 815 1446 859 rm.

488 964 572 1028 calce
591 962 779 1047 libri,quasi
803 962 835 1024 in
860 961 923 1024 line
945 962 1017 1039 viae,
1038 962 1180 1025 conabor
1202 966 1345 1050 arrcrire.
1391 967 1446 1028 Est

489 1077 593 1127 autem
609 1061 711 1125 ardua
725 1075 757 1125 et
775 1074 875 1137 arcta,
889 1062 987 1146 plana
1001 1077 1106 1127 tamen
1127 1077 1160 1127 et
1178 1080 1270 1128 recta
1290 1065 1446 1151 diligenti·

488 1166 547 1229 bus
564 1166 682 1243 Deum,
696 1186 764 1249 quo
778 1162 928 1239 ducente,
942 1163 1087 1243 docente,
1101 1178 1133 1228 et
1155 1167 1371 1241 subvehente,
1387 1190 1446 1230 non

488 1265 622 1330 offendit
636 1266 710 1352 quis
724 1265 765 1328 ad
781 1264 921 1349 lapidem
937 1264 1052 1349 pedem
1067 1288 1173 1330 suum.
1219 1269 1301 1353 Ipse
1318 1291 1446 1354 namque

491 1370 572 1455 lapis
592 1369 785 1445 offensionis,
806 1381 839 1430 et
861 1381 954 1453 petra
980 1368 1130 1443 scandali,
1153 1368 1346 1453 gradientes
1366 1372 1397 1434 in
1417 1393 1447 1435 se

493 1495 575 1557 quos
589 1471 714 1557 accipit,
730 1470 835 1555 erigit,
851 1482 883 1533 et
903 1470 1099 1547 corroborat,
1116 1485 1152 1535 ut
1174 1470 1341 1537 humiliati
1357 1472 1388 1536 in
1406 1497 1446 1548 se,

493 1576 525 1636 in
541 1599 579 1637 eo
592 1573 776 1657 gloriantes,
791 1572 942 1635 audacter
956 1585 987 1636 et
1006 1572 1102 1636 libere
1122 1590 1364 1660 praeconentur,
1377 1582 1449 1664 quia

494 1675 598 1738 omnia
613 1676 646 1738 in
660 1699 699 1739 eo
719 1697 898 1761 possumus,
913 1674 971 1760 qui
995 1698 1052 1737 nos
1066 1674 1238 1741 confortat.
1281 1679 1343 1742 Via
1357 1680 1447 1762 siqni-

493 1778 564 1841 dem
581 1778 651 1842 baec
668 1779 771 1841 virtus
785 1788 842 1854 est,
858 1776 986 1840 duobus
1000 1778 1166 1862 interjecta
1180 1793 1213 1842 et
1229 1794 1357 1845 arctata
1373 1781 1446 1844 limi·

495 1880 590 1958 tibus,
614 1879 794 1966 cognitione
823 1879 952 1958 scilicet,
977 1893 1008 1943 et
1035 1881 1187 1945 exercitio
1214 1883 1304 1947 boni.
1352 1884 1447 1947 Nosse

494 2004 630 2067 namque
646 1983 776 2058 bonum,
791 1996 824 2046 ct
846 2004 908 2045 non
928 1982 1041 2062 iacere,
1061 1985 1214 2048 meritum
1236 1985 1446 2051 damnationis

492 2095 550 2159 est,
566 2105 628 2145 non
650 2084 700 2145 via
721 2083 938 2147 beatitudinis.
986 2084 1092 2160 Unde,
1116 2087 1237 2172 inquis,
1260 2088 1342 2151 banc
1364 2090 1445 2151 riam

492 2182 663 2268 ingrediar,
677 2185 736 2269 qui
757 2184 791 2248 in
813 2184 902 2247 invio
923 2207 1005 2258 eum,
1021 2199 1053 2248 et
1068 2206 1130 2249 uon
1149 2186 1184 2249 iu
1201 2187 1276 2251 ria?
1303 2190 1341 2251 In
1357 2204 1446 2251 tanta

495 2284 647 2349 varietate
671 2285 793 2349 viarum
821 2288 1013 2369 ignotarum,
1039 2288 1161 2350 advena
1188 2303 1222 2353 et
1249 2291 1446 2375 peregrinus,

492 2387 584 2469 cujus
592 2386 675 2448 oculi
686 2384 876 2470 languerunt
888 2407 954 2469 prae
963 2384 1079 2469 inopia,
1088 2399 1119 2448 et
1130 2387 1272 2471 ferejam
1284 2389 1444 2464 deficiunt,

492 2491 612 2573 quibus
626 2510 694 2551 cam
708 2487 881 2550 discernam
899 2485 1033 2561 indiciis,
1046 2500 1081 2549 ut
1096 2487 1137 2549 ad
1154 2487 1185 2551 id
1205 2491 1445 2577 tranquillitatis

492 2606 522 2654 et
539 2590 649 2674 gaudii
666 2589 858 2674 perveniam,
874 2588 963 2674 (ruod
980 2590 1162 2672 promittis?

516 2734 534 2770 ς
598 2710 656 2770 Est,
667 2708 780 2776 inquam,
792 2708 834 2757 rin
845 2705 962 2758 sublimis
974 2705 1039 2758 coelo
1051 2706 1190 2761 manifesta
1202 2727 1308 2763 screno.

598 2794 693 2843 lactea
704 2809 798 2843 nomen
810 2790 899 2842 habet.

493 2900 609 2959 Serena
639 2895 697 2959 tibi
728 2897 854 2966 coelum,
882 2916 920 2955 nc
950 2893 1099 2956 turbetur
1128 2918 1194 2980 prae
1224 2896 1444 2983 indignatione

490 2998 602 3062 oculus
626 2996 740 3062 animoe
764 3010 840 3070 tuae,
861 3010 893 3059 et
918 2994 1009 3058 facile
1034 2996 1165 3059 lacteam
1188 2998 1272 3061 banc
1293 3024 1444 3086 agnosces

490 3101 581 3162 viam.
621 3094 705 3162 Redi
719 3097 760 3160 ad
777 3111 819 3174 te,
834 3110 961 3180 patrum
979 3097 1104 3182 suspice
1118 3118 1339 3188 monumenta,
1354 3118 1385 3166 et
1400 3104 1444 3168 ibi

488 3204 613 3265 intuere
627 3200 808 3285 diligenter,
821 3200 877 3263 ubi
890 3222 908 3261 a
922 3201 972 3264 ria
987 3198 1152 3264 deflexeris
1167 3225 1327 3287 gressum,
1340 3219 1371 3268 et
1388 3207 1442 3270 ubi

488 3304 637 3369 cecideris
652 3306 683 3365 in
700 3326 847 3366 errorem.
889 3303 1008 3366 Recolo
1023 3317 1128 3366 autem
1146 3325 1203 3368 nos
1218 3306 1381 3370 aberrasse
1395 3310 1440 3372 ibi

488 3407 636 3493 primum,
653 3404 707 3465 ubi
725 3404 880 3486 impulsus
891 3421 923 3469 ct
938 3428 1066 3470 eversus
1080 3420 1128 3469 est
1145 3407 1248 3478 homo,
1261 3422 1295 3471 ut
1309 3409 1437 3473 caderet

487 3504 743 3597 praevaricatione
763 3504 916 3582 mandati,
933 3507 1062 3593 quando
1081 3507 1122 3570 ad
1142 3510 1274 3573 vetitum
1295 3509 1438 3574 scientiae

487 3616 621 3699 lignum,
648 3608 801 3674 suadente
830 3608 969 3689 diabolo,
996 3612 1194 3674 temerariam
1221 3626 1254 3678 et
1277 3616 1436 3677 incautam

486 3736 614 3780 uranum
641 3711 794 3775 extendit.
842 3712 971 3776 Abinde
996 3716 1078 3775 enim
1104 3727 1284 3798 pecccatum,
1308 3729 1438 3800 accepta

486 3819 646 3883 occasione
670 3837 727 3898 per
753 3813 949 3892 mandatum,
977 3812 1105 3877 seduxit
1132 3837 1194 3891 nte,
1218 3829 1251 3878 et
1276 3838 1334 3899 per
1360 3816 1436 3880 illud

485 3919 611 3983 occidit.
658 3920 767 4000 Ipsum
789 3936 926 4000 namque
947 3915 1131 3978 mandatum
1150 3930 1318 4001 operatum
1337 3934 1383 3982 est
1405 3918 1436 3981 in

486 4043 534 4084 mc
549 4039 672 4080 outncm
690 4018 988 4102 concupiscentiam,
1005 4019 1082 4102 quia
1098 4040 1222 4103 semper

591 4130 705 4183 Nitimur
716 4130 743 4181 in
756 4133 873 4194 vetitum,

693 4215 807 4278 -Quod
819 4234 868 4267 non
882 4217 952 4281 licet,
965 4220 1048 4271 acrius
1061 4220 1119 4272 urit.

485 4327 537 4391 nd
548 4326 689 4387 arborem
700 4321 836 4386 scicntiae
847 4344 975 4385 manum
989 4322 1145 4398 extendit,
1154 4324 1263 4409 gulam
1277 4323 1432 4410 implerit,

481 4446 512 4493 ct
539 4437 648 4490 contra
677 4425 866 4507 promissum
893 4424 1014 4487 fallacis
1043 4425 1172 4502 inimici,
1200 4442 1230 4490 et
1259 4426 1432 4490 secundum
