3867 5467
487 759 529 819 58
742 772 877 818 rosnsrs
892 771 1167 821 ssassssnrnssrs
1304 757 1392 838 [ars.
1410 779 1454 828 vr.

493 926 613 991 denarii
632 926 742 1009 viginti
765 926 864 989 millia
887 924 1016 990 claudit
1062 928 1133 992 Tali
1154 930 1334 1012 petulantia
1355 931 1451 995 muli·

490 1029 551 1092 eris
566 1040 663 1114 atque
677 1028 824 1112 pecuuiae
847 1027 1066 1109 magnitudine
1086 1031 1181 1107 ictus,
1196 1030 1446 1116 expavidusque

492 1131 738 1205 Demosthenes,
767 1131 927 1208 avertitur,
956 1142 990 1193 et
1013 1130 1195 1207 discedens,
1220 1135 1306 1215 Ego,
1329 1133 1448 1217 inquit,

491 1236 645 1319 poenitere
660 1234 740 1298 tanti
755 1254 820 1296 non
843 1254 926 1295 cmo.
975 1234 1073 1297 Visne
1087 1233 1309 1319 proximiora?
1352 1235 1447 1298 Nosti

491 1337 563 1420 quis
578 1335 704 1410 dixerit,
721 1336 796 1419 quia
810 1335 910 1398 hebet
924 1335 987 1398 hoc
1002 1337 1152 1419 voluptas
1167 1339 1288 1402 omnis:

628 1484 747 1539 Stimulis
757 1484 815 1553 ugit
825 1483 950 1548 furentes,

628 1572 767 1643 Apnmque
778 1588 826 1641 per
836 1569 978 1633 volantum,

628 1656 683 1709 Ubi
695 1662 771 1723 grate
782 1654 862 1707 mella
873 1654 950 1719 fudit,

630 1741 720 1810 Fugit,
733 1746 761 1794 ct
771 1742 849 1794 nimis
862 1744 947 1794 tenaci

631 1828 704 1880 Ferit
715 1828 767 1880 icis
778 1828 856 1879 corda
867 1845 963 1881 morsu.

489 1969 588 2033 Initio
612 1988 751 2053 namque
774 1967 945 2051 cupidinis,
967 1967 1077 2034 dulcia
1104 1978 1178 2035 sunt
1202 1991 1301 2055 super
1325 1977 1442 2040 molet

487 2072 613 2135 fovum:
640 2080 674 2133 at
691 2068 865 2132 novissima
880 2068 951 2153 ejus
967 2070 1083 2153 quovis
1104 2070 1265 2135 absinthio
1285 2075 1442 2140 amariora

488 2181 572 2236 sunt.
603 2171 685 2244 Quis
696 2181 745 2234 est
755 2170 841 2234 enim
851 2169 926 2234 finis
935 2172 1203 2236 confabulationis
1212 2174 1442 2258 conviviomm,
1474 2197 1481 2210 ·

487 2284 519 2339 et
544 2274 682 2357 expletis
707 2271 862 2351 libidinis,
888 2272 950 2336 nisi
977 2295 1055 2358 pyra
1081 2274 1223 2353 incense,
1247 2284 1280 2340 ct
1305 2299 1381 2362 quae
1408 2280 1441 2344 in

488 2397 599 2442 omnes
615 2376 702 2440 cives
716 2373 926 2438 desolationis
939 2373 1093 2439 incendia
1107 2375 1253 2459 spargit?

399 2721 404 2729 ·
488 2687 568 2771 Cap.
585 2691 637 2749 tt.
669 2686 756 2750 Vitio
772 2691 970 2768 potestatum
980 2686 1126 2768 serendo
1146 2692 1389 2774 sunt‚eoquod
1405 2693 1440 2755 is

529 2793 577 2854 eis
590 2791 740 2871 auspicia
756 2788 896 2873 publico
917 2789 1035 2851 salutis
1050 2798 1212 2869 constant,
1227 2800 1258 2854 et
1275 2796 1363 2877 quod
1376 2796 1440 2860 dis-

526 2900 713 2975 pensatores
727 2892 943 2966 solatiorum,
958 2892 1042 2954 sicut
1057 2895 1242 2958 stoinochur
1255 2896 1291 2957 iu
1306 2916 1439 2980 corpore

528 2992 684 3053 astruatis
705 2989 869 3050 nutritiva
892 2988 1109 3068 disperisset
1131 2995 1189 3057 boc
1211 3015 1254 3058 ex
1274 3001 1438 3062 mntentr'o

529 3092 653 3154 mirri
668 3088 813 3153 Adriani
828 3086 940 3168 Papo.

533 3269 641 3341 Vsus,
671 3264 778 3349 inquit
806 3263 969 3344 Salomon,
998 3266 1040 3330 ad
1071 3268 1246 3349 sonnicam,
1276 3272 1305 3335 0
1336 3274 1437 3358 piger,

484 3384 520 3436 ut
552 3367 754 3453 providentis
784 3367 949 3434 habeatur.
1010 3372 1053 3432 At
1086 3370 1303 3457 Philosophus
1332 3376 1436 3441 virum

484 3472 652 3559 politicum
681 3470 780 3533 mittit
806 3468 961 3553 adapes,
988 3484 1024 3534 ut
1049 3474 1091 3535 ab
1116 3472 1183 3536 illis
1211 3496 1303 3539 suum
1329 3476 1435 3543 discat

484 3576 646 3642 officium:
683 3572 735 3636 cui
770 3572 797 3634 si
827 3571 916 3655 Tyrii
953 3574 1200 3656 acquievissent,
1230 3597 1434 3662 nequaquam

483 3679 618 3746 luxuriae
642 3676 860 3752 indulsissent,
883 3684 916 3738 ct
939 3674 980 3738 de
1003 3677 1109 3758 gentis
1131 3686 1287 3761 perpetua
1310 3680 1435 3746 ineolu-

484 3785 592 3849 mitste
615 3780 800 3864 gauderent.
846 3778 911 3843 Sed
934 3779 1009 3862 quis
1031 3778 1142 3842 vitium
1165 3780 1199 3842 in
1222 3781 1355 3846 muliere
1379 3782 1435 3847 do-

483 3887 570 3948 mina
594 3881 758 3957 radicavit,
782 3879 957 3942 effeminati
983 3881 1068 3944 cives
1098 3880 1321 3946 subduxerunt
1350 3885 1436 3949 colla

482 3983 596 4048 virtuti.
640 3980 738 4040 Porro
761 3978 820 4039 etsi
843 3978 876 4038 in
900 3979 1009 4039 officio
1032 3979 1181 4044 virtutum
1207 3982 1250 4044 sit
1274 3983 1435 4047 remissior

481 4080 688 4168 principatus,
715 4077 870 4139 colendus
897 4088 1003 4140 tamen
1029 4092 1099 4146 est:
1131 4095 1164 4146 et
1192 4083 1276 4147 sicut
1299 4084 1433 4169 apesin

482 4178 622 4245 humeris
650 4197 757 4256 regom
788 4198 879 4239 snum
910 4180 1070 4259 attollunt,
1099 4182 1143 4246 itu
1172 4181 1321 4267 subjecti,
1350 4205 1433 4268 quos

481 4282 582 4370 pedes
603 4291 636 4343 et
658 4279 798 4342 membra
820 4279 1028 4362 praediximus
1049 4304 1131 4360 csso,
1152 4281 1327 4350 dummodo
1347 4286 1432 4350 vitiis

480 4383 678 4473 pemiciosus
699 4402 762 4444 non
784 4381 836 4459 sit,
852 4382 1070 4447 omnimodum
1088 4386 1118 4447 oi
1135 4384 1307 4450 exhibeant
1330 4390 1429 4451 famu·
