3867 5467
491 764 550 823 lat
751 773 891 820 cossiars
905 773 1192 822 saansaamnusis
1303 760 1393 840 [ua.
1411 780 1468 825 vn.

488 926 596 1013 quirit,
611 939 667 988 aut
683 924 809 1005 dilatat,
824 947 985 989 summum
1006 926 1271 1013 philosophantis
1290 944 1463 996 assecutus

486 1042 533 1093 est
549 1028 653 1092 finem.
677 1029 758 1090 Haec
769 1040 816 1091 est
830 1028 941 1112 itaque
951 1049 1028 1090 vera
1038 1041 1070 1091 et
1083 1028 1303 1094 immutabilis
1316 1032 1460 1117 philoso-

485 1128 653 1215 phantium
674 1127 797 1211 regula,
812 1141 847 1192 ut
867 1128 959 1191 sicin
975 1127 1126 1193 omnibus
1148 1127 1298 1212 legendis
1312 1145 1375 1195 aut
1398 1131 1459 1196 dis-

484 1231 604 1307 cendis,
625 1229 766 1313 agendis,
786 1243 843 1294 aut
863 1229 1060 1309 omittendis,
1081 1230 1219 1316 quisque
1242 1244 1406 1312 versetur,
1422 1246 1456 1296 ut

484 1332 630 1418 proficiat
661 1329 786 1395 veritati
816 1342 849 1393 et
878 1330 1014 1395 caritati.
1062 1330 1139 1415 Ipsa
1176 1353 1255 1394 vero
1286 1353 1452 1419 nunquam

484 1434 589 1497 inanis
607 1449 663 1498 aut
682 1431 749 1497 sola
769 1444 828 1507 est,
851 1429 906 1493 sed
928 1432 1140 1503 honestatem,
1156 1429 1367 1509 modestiam,
1383 1457 1452 1499 cum

486 1535 659 1599 sobrietate
679 1532 879 1619 pudicitiam,
894 1545 926 1595 et
942 1532 1077 1595 aliarum
1100 1532 1334 1597 venerabilium
1353 1535 1453 1599 virtu·

486 1650 555 1701 tum
565 1649 685 1701 coetum
698 1637 729 1697 in
741 1635 845 1718 ipsum
855 1634 1027 1710 hominem,
1039 1657 1135 1718 quem
1147 1634 1261 1721 pietati
1274 1652 1452 1714 consecrat,

486 1738 575 1823 quasi
588 1738 619 1801 in
632 1738 789 1824 templum
808 1737 939 1802 Domini
951 1737 1140 1802 introducit.
1171 1737 1342 1824 Quicquid
1359 1740 1451 1804 alior-

485 1862 556 1904 sum
571 1839 674 1924 vergit
692 1840 724 1903 in
747 1839 881 1918 artibus,
903 1839 971 1902 sive
993 1839 1243 1925 quibuscunque
1270 1842 1451 1927 scripturis,

486 1963 549 2006 non
565 1940 775 2027 philosophiae
790 1940 954 2025 dogmata,
970 1938 1025 2003 sed
1049 1938 1158 2003 inanes
1173 1937 1295 2004 l'abulaa
1317 1953 1406 2020 sunt,
1420 1953 1451 2006 ct

485 2042 639 2127 figmenta
652 2064 774 2118 eorum,
786 2063 883 2127 super
897 2063 1038 2127 quorum
1053 2040 1250 2126 impietatem
1267 2040 1318 2107 ira
1330 2042 1393 2106 Dei
1409 2043 1449 2107 de

485 2144 566 2208 coelo
581 2144 750 2208 revelatur.
792 2142 955 2228 Quicquid
971 2142 1019 2207 illi
1034 2142 1189 2227 garriant,
1205 2157 1292 2205 rccte
1308 2143 1451 2227 philoso-

485 2243 598 2329 phanti
609 2247 754 2330 ineptum
767 2242 905 2317 videtur,
914 2241 1103 2326 insipidum,
1113 2254 1145 2305 et
1157 2241 1326 2307 insulsum.
1350 2244 1450 2326 Audi,

487 2367 548 2409 non
565 2367 626 2424 me,
640 2345 695 2408 scd
711 2344 900 2431 prophetam
923 2343 1079 2408 dicentem
1097 2343 1138 2408 de
1159 2344 1299 2409 talibus:
1330 2346 1449 2411 Narra-

486 2457 602 2508 verunt
622 2444 700 2508 mihi
720 2444 822 2529 iniqui
842 2443 1066 2518 fabulationes,
1083 2444 1137 2509 sed
1160 2466 1222 2507 non
1248 2458 1284 2509 ut
1309 2445 1361 2510 lex
1382 2461 1447 2512 tua.

486 2545 592 2632 Loqui
615 2567 692 2631 ergo
717 2567 792 2608 vera
815 2558 847 2609 et
868 2546 969 2631 justa,
993 2545 1297 2632 philosophantibus
1325 2563 1357 2612 et
1386 2570 1448 2612 non

484 2647 784 2736 philosophantibus
804 2669 972 2710 commune
988 2660 1045 2711 est.
1086 2648 1169 2709 Vera
1188 2660 1220 2711 et
1241 2647 1324 2712 salsa
1345 2648 1448 2735 loqui,

484 2751 613 2816 bonnet
637 2750 718 2814 mala
740 2748 864 2824 docere,
881 2772 942 2811 non
965 2747 1258 2835 philosophantium
1282 2764 1343 2815 cst.
1383 2752 1446 2815 Sed

485 2866 517 2917 et
540 2865 626 2916 recta
650 2852 809 2916 duntaxat
832 2850 993 2913 interdum
1020 2850 1112 2914 docet
1136 2873 1237 2914 vanus
1259 2851 1446 2940 philosophi

484 2954 646 3024 imitator;
673 2951 727 3014 scd
745 2952 801 3034 qui
818 2965 903 3015 recta
918 2974 992 3037 quaa
1009 2952 1100 3015 docet
1115 2952 1271 3037 sequitur,
1282 2976 1358 3018 vere
1374 2956 1445 3042 phi·

485 3052 711 3139 losopbusest.

486 3227 565 3310 Cap.
582 3231 631 3288 12.
649 3224 701 3287 De
712 3228 1058 3306 ineptiisnupalorum,
1070 3228 1127 3310 qui
1137 3228 1333 3306 accipientiam
1349 3230 1446 3293 verba

523 3334 667 3410 pectunt:
698 3334 729 3388 et
755 3327 840 3407 quod
866 3330 962 3390 aliter
984 3328 1107 3408 haeredi
1132 3334 1209 3390 sunt
1231 3328 1305 3391 libri
1329 3331 1446 3409 divini,

527 3433 622 3493 aliter
634 3428 771 3512 pactiles
785 3429 869 3491 libri.

527 3563 671 3628 Eamus
687 3559 808 3647 utique,
823 3573 855 3624 et
870 3559 1074 3646 impudenter
1095 3575 1213 3641 errant,
1228 3563 1286 3646 qui
1302 3561 1445 3647 pbiloso-

484 3665 591 3752 phiam
619 3666 652 3730 in
677 3664 752 3729 solis
774 3662 879 3730 verbis
901 3663 1072 3728 consistere
1093 3663 1275 3749 opinantur.
1322 3667 1445 3732 Errant

484 3768 541 3854 qui
563 3768 715 3833 virtutem
740 3770 838 3830 verba
860 3776 989 3851 putant,
1014 3777 1050 3827 ut
1078 3764 1185 3828 lucum
1213 3763 1309 3848 ligna.
1357 3769 1444 3830 Nam

483 3869 611 3934 virtutis
625 3869 855 3933 commendatio
870 3866 1013 3930 consistit
1029 3866 1069 3930 ab
1084 3889 1191 3952 opere,
1206 3879 1237 3929 et
1254 3865 1443 3952 sapientiam

484 3974 586 4034 virtus
607 3970 857 4053 inseparabiliter
877 3969 1059 4033 comitatur.
1098 3970 1195 4033 Unde
1216 3981 1349 4044 constat,
1366 3969 1445 4054 quia

483 4070 529 4134 illi
555 4070 611 4155 qui
638 4071 744 4132 verbis
773 4070 940 4147 inhaerent,
966 4071 1090 4136 malunt
1119 4071 1219 4135 videri
1250 4093 1347 4155 quam
1376 4094 1444 4136 ease

483 4170 649 4258 sapientes.
687 4170 814 4235 Platcas
831 4172 1040 4252 circumeunt,
1061 4187 1168 4238 terunt
1191 4174 1298 4237 limina
1319 4172 1443 4239 doctio-

488 4298 571 4354 rum,
585 4273 834 4360 quaestiunculas
850 4288 986 4355 uiovcnt,
1002 4276 1149 4341 intricant
1172 4280 1278 4353 verba,
1294 4288 1330 4339 ut
1346 4298 1441 4339 suum

482 4393 513 4445 st
543 4376 681 4442 alienum
711 4378 872 4442 obducant
903 4401 1041 4456 sensum,
1072 4376 1245 4463 paratiores
1276 4377 1442 4458 ventilare,
