3867 5467
508 775 547 835 16
746 788 883 835 susurra
899 789 1168 836 samsaamausrs
1312 770 1396 849 [arn.
1414 790 1458 835 vr.

505 941 636 1004 viribus.
681 943 844 1007 Honestas
865 943 949 1006 enim
968 942 1121 1005 idoneum
1143 941 1278 1005 militem
1293 942 1413 1022 reddit,
1427 956 1459 1009 et

503 1044 708 1120 verecundia,
738 1043 813 1107 dum
840 1044 991 1125 prohibet
1020 1043 1139 1123 fugere,
1164 1063 1250 1124 saepe
1280 1043 1358 1106 facit
1386 1066 1457 1110 esse

503 1144 664 1208 victorem.
710 1144 797 1218 Quid
812 1146 897 1208 enim
909 1143 1039 1227 prodest
1053 1145 1080 1206 si
1092 1155 1281 1207 exerceatur
1290 1145 1457 1226 ignobilis,

504 1243 530 1305 si
546 1244 689 1327 pluribus
704 1243 871 1328 stipendiis
892 1253 1032 1307 moretur
1052 1242 1237 1307 incastris?
1277 1245 1455 1329 Nunquam

503 1346 663 1409 exercitus
678 1346 807 1428 proficit
818 1346 851 1408 in
867 1358 1008 1428 tempore
1023 1344 1111 1421 belli,
1123 1345 1261 1427 cujusin
1276 1346 1455 1429 probandis

502 1447 669 1530 tyronibus
691 1446 886 1511 claudicavit
904 1444 1030 1508 electio.
1074 1444 1120 1508 Et
1138 1457 1292 1528 quantum
1313 1468 1376 1510 usu
1395 1468 1454 1510 ex·

500 1549 748 1633 perimentisque
763 1548 984 1629 cognovimus,
998 1546 1075 1610 hinc
1094 1556 1142 1610 tot
1156 1546 1275 1629 ubique
1292 1546 1332 1610 ab
1352 1547 1453 1612 hosti·

501 1652 563 1715 bus
577 1652 675 1714 illatae
689 1662 764 1714 sunt
779 1649 897 1727 clades,
912 1649 988 1712 dum
1008 1650 1106 1730 longa
1126 1669 1192 1731 pax
1214 1649 1346 1712 militem
1361 1651 1452 1714 incu-

500 1749 614 1813 riosius
638 1749 729 1829 legit,
753 1747 829 1811 dum
856 1748 986 1811 inutiles
1010 1747 1132 1831 quique
1157 1747 1264 1810 civilia
1288 1760 1453 1813 sectantur

499 1851 615 1925 officia,
632 1850 708 1913 dum
722 1849 836 1913 indicti
851 1851 1087 1932 possessoribus
1101 1861 1230 1932 tyrones
1246 1852 1451 1933 pergratiam

500 1962 556 2013 aut
594 1950 882 2013 dissimulationem
917 1950 1133 2032 probantium,
1173 1951 1252 2013 tales
1288 1952 1453 2016 sociantur

497 2050 606 2127 armis,
628 2052 739 2134 quales
761 2050 883 2113 domini
908 2051 1026 2114 habere
1052 2049 1228 2114 fastidiunt.
1272 2053 1302 2115 A
1323 2055 1450 2135 magnis

498 2171 572 2232 ergo
602 2151 685 2226 viris,
715 2172 893 2236 magnaque
929 2149 1103 2233 diligentia,
1132 2149 1267 2215 idoneos
1298 2155 1451 2217 convenit

496 2253 572 2335 eligi
596 2252 750 2337 juniores.
795 2253 900 2325 Quum
923 2274 999 2315 vero
1022 2252 1158 2333 diligens
1181 2253 1297 2318 electio
1318 2254 1447 2338 judicio

495 2354 590 2418 fuerit
604 2355 789 2438 approbata,
805 2353 952 2435 signandi
969 2364 1053 2430 sunt,
1067 2366 1101 2417 et
1119 2353 1300 2417 ascribendi
1314 2355 1446 2433 militias,

495 2452 551 2535 qui
574 2452 615 2515 ad
639 2473 707 2516 eam
733 2453 935 2515 invenientur
958 2451 1077 2514 idonei.
1123 2453 1209 2515 Nam
1235 2462 1269 2515 et
1292 2450 1445 2518 velocitas

494 2552 685 2635 requirenda
710 2561 769 2629 est,
793 2562 824 2615 et
847 2554 952 2626 robur,
980 2563 1013 2614 et
1035 2562 1140 2615 utrum
1164 2572 1320 2615 armorum
1348 2554 1445 2616 disci-

493 2651 615 2734 plinam
639 2652 710 2736 quis
732 2651 873 2715 ediscere
896 2653 1012 2728 valeat,
1027 2659 1061 2714 et
1078 2673 1119 2713 an
1138 2651 1256 2714 habeat
1275 2653 1443 2717 conliden-

492 2750 569 2815 tiam
589 2752 766 2816 militarem.
813 2752 959 2836 Plerique
978 2751 1063 2814 enim
1081 2751 1224 2834 quamvis
1243 2772 1309 2816 non
1327 2754 1444 2837 impro-

492 2854 615 2915 babiles
638 2853 805 2916 videantur
825 2853 947 2935 specie,
970 2863 1077 2915 tamen
1101 2852 1330 2935 experimentis
1354 2876 1441 2919 com·

491 2951 667 3034 probantur
681 2949 814 3031 indigni.
859 2950 1053 3032 Repellendi
1076 2973 1152 3034 ergo
1168 2953 1273 3015 minus
1287 2954 1395 3032 utiles,
1411 2965 1443 3020 et

490 3052 523 3113 in
546 3053 654 3114 locum
676 3072 785 3114 eorum
809 3051 1017 3115 strenuissimi
1039 3054 1243 3136 subrogandi.
1289 3058 1329 3119 ln
1354 3059 1443 3121 omni

490 3151 576 3215 enim
605 3152 769 3229 conflictu,
794 3173 860 3214 non
886 3162 951 3217 tam
982 3153 1114 3236 prodest
1143 3156 1312 3219 multitudo
1343 3179 1440 3241 quam

489 3251 599 3315 virtus.
644 3254 684 3315 ln
694 3253 975 3337 quaexploranda‚
985 3254 1161 3333 formanda,
1172 3258 1440 3340 etpromorenda,

489 3352 582 3416 ducis
604 3353 734 3416 vertitur
755 3364 820 3417 tam
841 3376 949 3438 opera,
972 3377 1067 3440 quam
1083 3355 1254 3437 judicium.
1299 3358 1441 3441 Signatis

487 3474 626 3537 namque
640 3455 814 3537 tyronibus,
831 3477 887 3539 per
902 3457 1091 3539 quotidiana
1110 3457 1263 3521 exercitia
1277 3480 1437 3523 armomm

485 3563 535 3617 est
549 3553 798 3618 demonstranda
812 3556 968 3633 doctrina,
983 3568 1020 3620 ut
1039 3556 1101 3619 levi
1120 3568 1278 3622 armatura
1292 3570 1325 3624 et
1339 3562 1439 3640 gravi,

485 3658 657 3721 termitem
674 3668 705 3722 et
720 3659 844 3742 pelago,
857 3660 983 3742 pedites
997 3659 1061 3723 siut
1074 3679 1115 3721 an
1131 3660 1264 3742 equites,
1274 3670 1436 3724 strenuum

485 3758 618 3823 militem
634 3761 760 3841 possint
772 3760 916 3842 implere.

484 3914 565 3996 Cap.
590 3919 621 3975 6.
666 3916 746 3981 Quo
784 3917 873 3976 molo
906 3921 1104 3994 proueniant
1141 3921 1257 3981 icastris
1293 3922 1434 3999 neglecto

525 4011 649 4072 delectu
671 4014 827 4084 militum,
848 4019 879 4073 et
902 4017 1046 4094 qualiter
1067 4016 1240 4080 Haraldus
1271 4019 1435 4081 Wulenses

526 4109 694 4191 subegerit.

525 4242 593 4305 San
615 4242 712 4326 hujus
732 4242 913 4328 disciplinae
936 4269 1013 4312 usus
1028 4251 1061 4312 in
1077 4250 1325 4316 desuetudinem
1342 4253 1433 4332 abiit,

483 4352 539 4407 aut
564 4363 606 4404 ex
633 4341 831 4423 indulgentia
855 4344 961 4426 longae
993 4351 1182 4428 securitatis,
1211 4363 1267 4415 aut
1297 4353 1434 4416 irruente
