3867 5467
588 769 629 831 38
846 783 981 829 rosusrs
997 783 1276 829 uamaanruxsrs
1373 769 1378 840 ζ
1400 770 1486 849 [ιιιι.Ι
1499 786 1545 831 vt.

591 938 821 1000 comminutum
837 950 895 1001 est.
941 938 1112 1020 Imperium
1129 936 1193 998 fere
1209 936 1546 1002 Romanums'xhans·

591 1048 781 1117 rumestat
803 1039 973 1113 divulsum,
990 1040 1121 1101 Nerone
1142 1037 1330 1120 imperante,
1352 1038 1446 1122 cujus
1468 1042 1547 1121 gula

590 1139 657 1202 iero
693 1141 801 1202 omnia
836 1140 1010 1216 devoravit,
1041 1138 1215 1202 maculavit
1250 1137 1364 1213 libido,
1394 1141 1548 1203 exhausit

591 1237 732 1313 avaritia,
748 1238 841 1318 fregit
861 1237 1002 1317 ignavia,
1017 1236 1146 1298 luxuria
1167 1256 1242 1297 cum
1265 1237 1420 1318 superbia
1433 1237 1548 1299 axina·

592 1338 681 1399 nirit.
726 1338 793 1399 Hic
808 1337 928 1400 nullam
945 1349 1065 1400 restem
1082 1336 1133 1397 bis
1147 1334 1261 1410 induit,
1275 1346 1311 1398 ut
1326 1337 1376 1398 vel
1386 1336 1421 1398 in
1435 1336 1548 1419 aliquo

592 1437 715 1500 caeteris
729 1438 882 1517 singulari
898 1438 998 1517 gloria
1019 1437 1215 1519 praeluceret
1262 1435 1327 1498 Sed
1346 1435 1424 1499 dum
1440 1438 1546 1499 Roma

592 1539 746 1621 permisit,
777 1552 879 1601 totum
909 1539 1018 1600 orbem
1048 1539 1125 1599 fecit
1155 1537 1335 1617 inglorium.
1382 1537 1548 1622 Quicquid

591 1639 724 1700 aliorum
741 1639 886 1719 quaesitu
901 1637 1066 1714 industria,
1081 1636 1178 1720 hujus
1192 1638 1306 1700 inertia
1319 1638 1389 1714 fere
1398 1638 1517 1702 amisit.

593 1907 673 1990 Cap.
695 1912 741 1969 15.
762 1907 923 1969 somnos
939 1908 974 1967 itt
985 1907 1162 1987 disciplina
1170 1927 1247 1989 proe
1259 1910 1384 1971 coeteris
1395 1910 1548 1989 υἱφιιιζιιθ,

644 2016 676 2069 et
689 2009 725 2068 ia
740 2008 787 2070 cis
802 2006 930 2069 Julium
946 2008 1266 2092 Cesaremfloraissc
1275 2028 1347 2089 pra
1363 2010 1496 2073 ceteris.

636 2165 705 2228 Sao
720 2186 819 2248 quum
841 2167 984 2229 omniurn
1000 2166 1143 2248 gentium
1159 2167 1310 2248 exempla
1325 2168 1464 2240 revolvo,
1480 2165 1546 2231 dis·

592 2265 715 2349 ciplina
725 2265 941 2328 Romanorum
957 2286 1022 2347 prae
1035 2266 1159 2327 caeteris
1174 2267 1269 2330 lucet.
1292 2267 1548 2351 Moesisqaoque

593 2368 762 2450 plurimum
775 2366 931 2448 profuisse
946 2366 1063 2448 legitur
1078 2364 1258 2449 disciplina,
1273 2379 1309 2429 ut
1328 2367 1361 2430 in
1382 2368 1546 2450 paucitate

593 2487 650 2530 sua
665 2466 809 2528 finitimis
824 2467 993 2547 superatis,
1011 2488 1083 2529 cum
1101 2467 1256 2529 Romanis
1279 2467 1348 2530 ausi
1369 2468 1434 2531 sint
1448 2489 1547 2550 super

593 2567 728 2650 imperio
751 2567 891 2648 gentium
915 2565 1075 2630 dimicare.
1122 2567 1227 2637 Quam
1249 2567 1308 2630 feri
1330 2579 1436 2631 autem
1462 2569 1546 2631 exti-

592 2670 700 2745 terint,
723 2689 764 2731 ex
789 2667 892 2731 verbis
914 2687 1024 2730 eorum
1053 2665 1226 2746 colligitur,
1252 2666 1371 2750 quibus
1394 2666 1548 2749 advorsus

591 2767 756 2832 Romanos
772 2768 968 2851 pugnaturis,
984 2787 1067 2829 unus
1082 2764 1199 2828 ducum
1222 2777 1295 2829 ante
1318 2766 1421 2829 aciem
1436 2765 1546 2854 postu·

590 2869 656 2932 lato
683 2870 828 2931 silentio:
862 2871 939 2944 Vos,
964 2867 1081 2949 inquit,
1109 2866 1164 2949 qui
1187 2864 1286 2930 estis?
1340 2867 1547 2952 Responsum

593 2975 661 3028 est:
692 2967 831 3028 Romani
862 2966 1005 3045 gentium
1036 2964 1167 3029 domini.
1213 2968 1258 3029 Et
1287 2968 1362 3031 ille:
1396 2968 1446 3031 Ita
1478 2968 1547 3044 fiet,

593 3066 707 3149 inquit,
724 3065 749 3128 si
772 3087 829 3128 vos
850 3066 989 3129 viceritis
1003 3086 1073 3129 nos.
1118 3067 1217 3130 Gravi
1240 3067 1369 3131 tandem
1392 3068 1547 3133 conflictu

592 3174 768 3249 pugnatum
784 3176 843 3244 est,
857 3164 914 3229 sed
925 3167 1064 3229 Romani
1079 3168 1231 3242 vicerunt,
1243 3176 1275 3231 et
1284 3189 1415 3231 nomem
1426 3169 1548 3251 plures,

594 3276 627 3329 ct
643 3268 789 3330 fortiores
804 3268 933 3343 viribus,
946 3278 979 3331 et
989 3268 1226 3332 exercitatiores
1238 3290 1309 3347 usu,
1319 3270 1429 3333 multis
1440 3278 1547 3334 tamen

593 3366 717 3430 amissis
732 3389 872 3448 suorum,
887 3390 925 3432 eo
942 3368 1028 3453 quod
1052 3370 1098 3432 eis
1113 3369 1298 3433 colluctatio
1318 3371 1421 3435 fuerat
1435 3371 1548 3437 adven

593 3489 648 3531 sus
676 3470 831 3554 populum
862 3470 1107 3553 disciplinaliter
1135 3470 1303 3534 eruditum.
1363 3474 1484 3537 Verum
1512 3475 1546 3537 in

592 3579 661 3632 tota
674 3590 707 3633 re
722 3570 851 3633 militari
861 3570 944 3633 nihil
959 3571 1081 3647 utilius,
1092 3570 1171 3633 nihil
1183 3572 1299 3635 clarius
1314 3572 1396 3637 duce
1407 3573 1546 3637 erudito.

593 3666 678 3730 Nam
701 3668 800 3731 virtus
821 3679 854 3732 et
876 3668 1032 3732 industria
1054 3667 1157 3744 ducis,
1174 3668 1350 3734 efficaciam
1374 3671 1547 3748 exercitus,

591 3769 677 3832 sicut
691 3770 928 3853 proverbialiter
944 3769 1011 3832 dici
1026 3769 1116 3845 solet,
1131 3769 1222 3851 quasi
1238 3771 1335 3833 altera
1349 3772 1444 3835 lance
1458 3792 1546 3835 com-

591 3881 715 3949 pensat.
761 3870 925 3934 Caesareos
947 3870 1126 3952 triumphos
1146 3868 1221 3933 duci
1244 3872 1364 3953 potius,
1379 3891 1475 3955 quam
1491 3893 1547 3936 ex-

592 3968 705 4030 ercitui
735 3979 875 4030 vetustas
910 3969 1065 4050 ascripsit.
1126 3972 1172 4033 Ut
1207 3972 1304 4056 enim·
1324 3971 1453 4035 Solinus
1489 3974 1545 4046 ait,

592 4078 747 4148 quantum
769 4065 916 4129 Senicius
938 4081 993 4130 aut
1013 4069 1143 4150 Sergius
1167 4072 1250 4135 inter
1271 4073 1399 4146 milites,
1422 4085 1546 4136 tantum

590 4150 673 4227 inter
688 4165 798 4244 duces,
814 4168 878 4229 imo
893 4167 974 4230 iuter
989 4189 1100 4231 omncs
1115 4167 1261 4233 homiues
1274 4171 1383 4235 Caesar
1397 4173 1547 4236 Dictator

591 4265 714 4329 enituit.
777 4266 882 4351 llujus
916 4268 1066 4330 ductibus
1094 4269 1248 4333 undecies
1275 4284 1404 4334 contum
1430 4272 1544 4355 viginti

591 4381 623 4432 ct
647 4367 712 4430 duo
739 4369 837 4431 millia
865 4369 1004 4434 hostium
1031 4390 1126 4445 caesa,
1156 4369 1246 4452 [nam
1270 4386 1424 4454 quantum
1451 4374 1549 4436 bellis
