3867 5467
667 686 727 743 let
899 692 1037 740 soranis
1052 691 1333 737 sanesaamsrssrs
1473 675 1561 756 [cin.
1579 692 1637 738 νη.

665 862 721 912 aut
742 844 974 917 fabulandum
1006 856 1062 907 aut
1089 842 1328 928 disceptandum
1356 856 1404 907 est
1434 842 1507 908 tihi.
1551 844 1632 907 Nam

664 950 720 1036 qui
739 947 898 1010 verbosior
913 958 972 1025 est,
984 944 1112 1008 videtur
1126 943 1260 1008 doctior.
1284 942 1357 1007 -Nec
1368 944 1557 1009 curandum
1574 959 1633 1024 est,

664 1049 762 1128 uude,
778 1062 834 1112 aut
856 1046 949 1132 quid,
963 1044 1004 1109 de
1028 1070 1092 1130 quo
1114 1045 1239 1125 sentiat,
1253 1058 1309 1108 aut
1333 1046 1479 1131 proferat
1501 1045 1631 1133 aliquis,

663 1152 740 1216 dum
754 1149 913 1235 loquatur.
939 1146 1007 1211 Nec
1019 1148 1115 1211 refert
1128 1170 1193 1233 qua
1205 1148 1344 1233 quisque
1355 1148 1481 1212 ratione
1492 1148 1627 1222 nitatur,

662 1253 741 1318 dum
758 1275 819 1317 non
840 1251 1035 1329 instantiam,
1051 1247 1105 1312 sed
1130 1249 1274 1313 umbram
1299 1250 1370 1335 ejus
1386 1249 1531 1337 quisque
1553 1249 1627 1313 dare

663 1356 809 1423 sufficiat.
843 1353 929 1428 Quid
945 1374 1055 1415 verum
1073 1364 1130 1415 aut
1146 1350 1274 1428 salsum,
1290 1349 1370 1437 quid
1386 1352 1556 1436 probabile
1571 1365 1626 1416 aut

664 1457 743 1544 quid
760 1477 821 1519 non
838 1452 1002 1540 probabile
1017 1452 1069 1529 sit,
1083 1451 1204 1514 frustra
1219 1452 1389 1537 quaeritur,
1404 1474 1510 1537 quum
1526 1451 1625 1515 omni-

664 1558 726 1621 bus
747 1556 852 1641 imago
874 1552 1087 1639 probabilium
1104 1551 1303 1637 praeferatur.
1336 1555 1451 1617 Statue
1467 1552 1556 1639 quod
1574 1576 1625 1616 vo-

664 1658 772 1733 lueris,
788 1656 894 1720 statim
916 1654 995 1719 illud
1019 1653 1128 1740 aliqua
1150 1652 1329 1717 similitudo
1350 1667 1495 1719 evacuat.
1542 1656 1624 1718 Nam

664 1757 752 1846 quod
764 1756 887 1821 obtinet
902 1756 934 1820 in
949 1778 1013 1819 uno
1029 1753 1134 1834 simili,
1145 1754 1222 1817 velis
1234 1752 1315 1818 nolis
1330 1755 1362 1818 in
1378 1754 1441 1817 alio
1452 1754 1624 1820 obtinebit.

664 1863 798 1926 Constat
822 1870 925 1922 tamen
949 1856 1038 1944 quod
1054 1879 1130 1919 vero
1151 1853 1252 1919 simile
1268 1869 1328 1935 est,
1342 1877 1403 1919 non
1425 1854 1534 1919 statim
1558 1878 1624 1919 esse

664 1984 786 2041 verum,
801 1975 833 2025 et
854 1960 943 2045 quod
965 1959 1082 2023 salsum
1106 1957 1246 2035 videtur,
1269 1980 1332 2021 non
1356 1978 1481 2042 semper
1504 1956 1620 2022 salsum

662 2088 740 2130 esse.
761 2065 793 2128 Si
804 2063 1039 2150 propositorum
1052 2060 1200 2124 similium
1212 2058 1504 2124 dissimilitudinem
1514 2060 1624 2125 niteris

663 2165 795 2253 aperire,
819 2187 883 2227 rem
911 2167 1036 2228 inanem
1063 2161 1255 2247 aggrederis.
1300 2166 1366 2226 Aut
1392 2160 1476 2225 enim
1510 2175 1542 2226 te
1572 2163 1622 2226 vel

662 2267 798 2332 clamore
814 2264 1000 2352 praepediet,
1016 2277 1072 2327 aut
1089 2261 1279 2349 superfluam
1298 2284 1425 2349 operam
1442 2262 1623 2344 deridebit;

662 2390 763 2455 quum
775 2370 917 2432 omnium
930 2366 1079 2428 similium
1093 2368 1233 2451 aliquam
1247 2364 1541 2430 dissimilitudinem
1553 2389 1622 2431 esse

662 2479 819 2556 oporteat.
864 2465 1013 2551 Alioquin
1042 2488 1103 2528 non
1133 2479 1197 2529 tam
1228 2464 1354 2541 similia,
1381 2488 1477 2551 quam
1511 2466 1621 2531 eadem

663 2573 776 2637 merito
787 2594 853 2635 esse
868 2569 1026 2633 dicentur.
1049 2569 1172 2632 Docere
1185 2590 1243 2631 cur
1255 2567 1300 2632 ita
1311 2590 1372 2632 non
1387 2568 1439 2645 sit,
1451 2591 1516 2633 non
1529 2569 1624 2634 modo

662 2676 825 2752 frivolum,
838 2672 892 2739 sed
904 2671 1047 2737 irrisione
1059 2670 1280 2757 dignissimum
1291 2670 1470 2755 judicatur.
1505 2673 1621 2738 Statim

662 2780 820 2864 quaeritur
835 2799 873 2839 an
896 2775 974 2838 velis
988 2773 1175 2838 concionari.
1214 2773 1336 2838 Dicunt
1356 2795 1389 2837 se
1406 2786 1442 2837 ut
1458 2773 1624 2859 Peripate-

662 2884 773 2956 ticum,
788 2899 849 2940 non
868 2880 1100 2959 Hermagoram
1124 2875 1269 2953 audiant,
1285 2875 1486 2947 convenisse;
1519 2898 1621 2961 quum

663 2995 766 3045 tamen
788 2976 1045 3040 deambulatione
1065 2990 1096 3040 et
1116 2976 1335 3042 circumitione
1356 2978 1478 3044 viarum
1502 2981 1623 3064 potius,

662 3102 759 3167 quam
789 3077 935 3163 diligenti
965 3078 1209 3163 investigatione
1239 3102 1357 3161 rerum,
1389 3079 1624 3167 Peripateticos

661 3184 837 3245 imitentur.
878 3179 910 3243 Si
926 3191 1031 3243 tamen
1048 3181 1115 3243 haec
1130 3181 1170 3244 ad
1187 3182 1309 3267 copiam
1326 3182 1519 3268 eloquentiae
1534 3204 1622 3245 com-

661 3279 834 3369 parandam
863 3292 1049 3343 exerceatur
1073 3280 1276 3365 disceptatio,
1301 3297 1333 3346 et
1361 3281 1475 3346 similia
1499 3295 1533 3347 et
1559 3281 1625 3346 dis-

662 3382 774 3451 similia
786 3381 1027 3468 conquirantur,
1038 3383 1221 3448 exercitium
1239 3385 1369 3470 quidem
1384 3384 1546 3448 laudabile
1562 3396 1622 3459 est,

661 3501 694 3553 et
716 3509 781 3574 quo
803 3484 890 3550 aliud
914 3506 981 3548 esse
1002 3482 1235 3549 conducibilius
1248 3486 1425 3570 juventuti,
1442 3508 1504 3549 non
1528 3485 1623 3551 t'acilc

661 3590 809 3666 dixerim,
830 3586 1005 3653 dummodo
1027 3586 1224 3651 fallaciarum
1247 3588 1332 3651 nube
1354 3588 1536 3674 multiplici,
1561 3586 1623 3653 sibi

661 3716 864 3779 nequaquam
886 3690 1057 3778 perstringi
1080 3690 1188 3754 oculos
1210 3692 1383 3775 patiantur.
1423 3690 1513 3755 Nilril
1535 3691 1621 3755 enim

663 3796 784 3867 utilius,
796 3794 875 3855 nihil
891 3793 930 3857 ad
944 3792 1077 3878 gloriam
1094 3804 1149 3855 aut
1163 3813 1212 3854 res
1223 3790 1412 3877 aquirendas
1422 3791 1623 3855 commodius

657 3894 831 3981 juventuti,
859 3915 953 3971 qnam
984 3892 1176 3975 eloquentia,
1205 3918 1279 3980 qua·
1309 3917 1350 3958 ex
1378 3917 1416 3956 eo
1445 3892 1620 3979 plurimum

661 4004 874 4077 comparatur,
900 3992 924 4055 si
951 4015 1056 4056 rerum
1083 3994 1113 4056 in
1142 4010 1257 4073 mente,
1279 4010 1310 4060 et
1334 3995 1364 4059 in
1387 3995 1557 4080 crecopia
1580 3997 1622 4060 sit

661 4094 838 4158 verborum.
886 4094 992 4157 Verba
1008 4117 1145 4181 namque
1161 4100 1303 4182 prolerre
1324 4099 1421 4162 rebus
1440 4097 1622 4182 incognitis,

660 4195 845 4279 desipientis
871 4197 978 4279 potius
1004 4220 1101 4282 quarn
1127 4199 1270 4265 docentis
1296 4214 1355 4278 est,
1378 4214 1435 4265 aut
1457 4200 1620 4265 discentis.

662 4296 786 4365 Multos
801 4297 924 4362 videbis
939 4298 1136 4386 hujusmodi,
1154 4302 1210 4387 qui
1235 4314 1338 4367 totum
1364 4302 1459 4389 longo
1474 4301 1620 4366 detinent
