3867 5467
501 775 561 834 18⁰
752 787 888 831 rorssrs
903 783 1183 829 ssausnunruxsrs
1294 770 1385 846 [uun.
1405 789 1459 835 rur.

496 942 561 1002 tali.
608 942 680 1020 Ege
695 941 852 1024 siquidem
868 941 958 1003 illum
981 960 1105 1023 sequar,
1121 939 1178 1022 qui
1192 939 1323 1002 literam
1344 944 1457 1026 aperit,

495 1053 527 1101 et
552 1042 643 1122 quasi
666 1040 837 1123 superficie
861 1039 1030 1122 patefacta,
1052 1058 1192 1113 sensum,
1211 1053 1250 1101 ut
1272 1040 1321 1104 ita
1343 1041 1457 1118 dicam,

495 1142 680 1204 historicum
697 1140 805 1204 docet.

496 1314 576 1395 Cap.
597 1318 645 1376 13.
671 1316 750 1386 Quae
772 1314 842 1374 rint
861 1314 1042 1375 uetantia
1061 1319 1092 1374 et
1112 1312 1204 1392 quasi
1224 1309 1334 1374 clauos
1353 1312 1452 1395 pbilo-

537 1416 706 1496 sepiendi,
721 1422 753 1478 el
766 1416 852 1497 quod
864 1416 1055 1497 simplicitas
1069 1414 1176 1477 amico
1190 1419 1239 1476 ert
1253 1414 1405 1478 υσίἰαὶἰε
1423 1421 1451 1479 el

538 1518 618 1599 qnid
637 1521 680 1579 sil
701 1520 820 1580 laciori
840 1538 914 1579 etim
930 1515 1057 1599 ampelo,
1080 1518 1129 1578 eet
1147 1514 1258 1577 abore
1278 1536 1365 1579 eum.
1408 1517 1451 1580 El

537 1621 618 1700 qaid
630 1621 674 1682 eit
687 1629 746 1681 out
758 1623 861 1702 prosit
874 1621 921 1682 ud
942 1621 1135 1681 vomitionem
1157 1619 1343 1698 sapientie,
1358 1622 1451 1683 relia-

539 1743 636 1803 quere
647 1724 804 1803 putrium.

537 1859 622 1930 Qun
634 1880 707 1921 vero
716 1857 931 1920 siutdiseeudi
939 1857 1056 1931 claves,
1068 1877 1139 1941 quae
1145 1855 1449 1940 philosophantibus

494 1960 535 2022 ad
558 1960 747 2023 intuendam
774 1960 915 2043 speciem
939 1957 1088 2034 veritatis,
1113 1957 1196 2020 viam
1218 1978 1260 2020 eo
1289 1957 1450 2021 tendentis

494 2064 685 2145 expediunt,
708 2084 809 2126 senex
832 2061 1041 2125 Camotensis
1062 2060 1175 2142 paucis
1197 2062 1370 2142 expressit
1408 2061 1448 2123 Et

492 2165 567 2226 lieet
583 2168 674 2228 metri
690 2166 761 2247 ejus
775 2164 929 2226 suavitate
944 2184 1008 2225 uon
1019 2163 1137 2245 capiar,
1148 2183 1280 2226 sensum
1292 2166 1447 2247 approbo,

492 2276 525 2327 et
555 2266 848 2348 philosophantium
880 2264 1039 2327 urentibus
1068 2262 1166 2327 oredo
1188 2260 1330 2327 fideliter
1359 2265 1446 2344 inge

493 2366 637 2429 rendum.
683 2366 737 2427 Ait
752 2386 847 2445 ergo:

601 2478 679 2530 Meus
690 2478 805 2542 humilis,
818 2480 932 2531 studium
943 2479 1085 2549 querendi,
1097 2479 1152 2530 rita
1163 2478 1262 2546 qrrieta,

598 2561 757 2615 Semtiuium
771 2564 887 2625 tacitum,
900 2569 1049 2633 paupertas,
1061 2569 1129 2615 terra
1141 2558 1237 2624 alieni,

599 2648 664 2702 Haeo
676 2667 791 2702 reserare
803 2648 886 2701 solent
898 2648 987 2701 multis
998 2650 1106 2701 obseura
1116 2648 1238 2715 legendo.

494 2756 681 2819 Humilibus
711 2778 849 2840 namque
879 2756 934 2818 dat
963 2755 1097 2836 gratiam
1125 2755 1297 2834 Dominus,
1320 2769 1354 2820 et
1383 2756 1446 2820 illis

492 2857 631 2918 veritatis
651 2854 895 2937 intelligentiam
912 2857 1049 2930 confert,
1064 2856 1121 2939 qui
1143 2856 1254 2918 timore
1270 2857 1401 2935 initiati,
1415 2852 1445 2920 ei

490 2956 523 3018 in
540 2954 711 3019 dilectione
729 2958 801 3031 Dei,
816 2967 850 3019 et
871 2957 1063 3022 executione
1079 2956 1302 3022 mandatorum
1317 2979 1444 3023 suorum

393 3093 396 3099 ·
490 3053 625 3118 fideliter
639 3055 811 3119 adhaerent.
858 3059 942 3120 Nam
958 3078 1000 3120 ex
1017 3057 1198 3121 testimonio
1213 3057 1381 3138 sapientis,
1391 3057 1444 3142 qui

489 3152 655 3218 confidunt
673 3156 705 3217 iu
722 3157 875 3232 Domino,
890 3157 1071 3239 intelligent
1089 3158 1271 3234 veritatem
1299 3159 1445 3244 superbis

489 3266 593 3318 autem
609 3256 726 3319 resistit
741 3256 843 3320 Deus.
889 3258 970 3330 Quis
981 3280 1020 3321 eo
1035 3259 1134 3321 invito
1145 3256 1444 3341 philosophabitur?

488 3367 597 3420 anteo
620 3358 774 3421 renitente
798 3359 831 3420 iu
855 3360 964 3441 aliquo
980 3358 1160 3423 obtinebit?
1185 3359 1366 3425 Humililas
1387 3371 1445 3438 est,

488 3469 523 3521 ut
537 3479 597 3522 uec
613 3480 781 3542 personam
798 3458 942 3524 docentis
957 3471 1143 3525 contemnat
1164 3461 1248 3546 quis,
1262 3474 1318 3525 aut
1332 3483 1443 3547 quam·

487 3584 614 3648 cunque
636 3563 886 3639 scientian1,uisi
910 3564 989 3626 forte
1006 3585 1100 3647 quam
1124 3563 1238 3645 religio
1252 3564 1444 3648 reprobarit.

487 3666 522 3730 Si
539 3679 574 3730 ut
586 3666 650 3730 dici
663 3668 755 3741 solet,
767 3666 866 3729 iuvita
878 3664 1028 3728 Minerva
1037 3664 1116 3727 nihil
1128 3675 1215 3728 reete
1226 3665 1442 3747 aggredimur,

486 3768 558 3850 quis
578 3767 617 3830 ad
637 3767 804 3830 scientiam
821 3766 889 3828 sine
912 3787 951 3828 eo
973 3765 1148 3847 perveniet,
1161 3765 1215 3848 qui
1236 3765 1442 3830 scientiarum

488 3865 635 3927 dontinus
651 3878 708 3938 est,
724 3866 803 3927 etin
820 3887 884 3947 quo
901 3876 976 3928 sunt
990 3886 1101 3927 omnes
1117 3865 1284 3948 sapientiae
1299 3866 1441 3931 thmuti

485 3962 687 4024 absconditi?
713 3963 787 4024 Hoc
812 3964 917 4045 itaque
941 3965 1044 4027 moliri
1068 3964 1199 4029 arduum
1216 3965 1314 4029 nimis
1333 3975 1395 4044 est,
1410 3981 1442 4031 et

484 4061 655 4139 difficilius,
670 4075 703 4124 et
714 4064 808 4142 longe
824 4062 936 4146 majus,
949 4087 1056 4149 quum,
1071 4078 1107 4129 ut
1122 4064 1303 4131 fabularum
1314 4078 1443 4132 utamur

483 4161 599 4237 verbis,
615 4163 737 4226 clarum
754 4163 874 4244 eripere
890 4163 931 4228 de
947 4187 1044 4230 mauu
1060 4168 1222 4232 Herculis.
1268 4169 1341 4231 Imo
1355 4182 1442 4233 certe

482 4265 577 4343 longo
597 4265 702 4328 uriuus
721 4275 779 4342 est,
799 4267 1055 4363 quonium‘nihil
1077 4280 1147 4345 est3
1169 4270 1198 4334 si
1219 4279 1327 4335 tamon
1351 4271 1440 4355 quod

481 4366 611 4429 ‹nurriuo
626 4367 705 4430 nihil
721 4379 779 4442 est,
796 4362 904 4451 aliquo
923 4370 1026 4452 majus
1045 4380 1101 4433 aut
1117 4372 1222 4435 miuus
1237 4384 1296 4435 est.
1342 4374 1441 4445 Quis-
