3867 5467
498 728 561 801 976
757 749 892 794 tornius
909 748 1191 793 sanasannrnnsrs
1282 736 1371 809 [arn.
1389 752 1463 797 vur.

498 918 530 969 et
549 902 702 967 aviditate
723 900 923 976 distendunt,
943 900 1183 965 circumstantes
1203 924 1314 966 servos
1334 925 1462 966 morere

499 1008 598 1080 labra,
614 1027 670 1068 nec
691 1005 723 1068 in
748 1004 807 1066 hoc
829 1003 972 1089 quidem,
989 1016 1024 1067 ut
1047 1003 1233 1089 loquantur,
1254 1006 1461 1090 permittunt.

499 1108 599 1191 Virga
627 1129 720 1169 omne
754 1128 900 1169 murmur
935 1106 1157 1191 compescitur,
1186 1119 1219 1170 et
1256 1129 1297 1169 ne
1327 1107 1462 1169 fortuita

499 1207 629 1294 quidem
653 1206 839 1271 verberibus
861 1219 994 1292 excepta
1017 1218 1104 1269 sunt.
1150 1207 1279 1285 Tussis,
1302 1219 1460 1271 sternuta-

500 1323 655 1385 mentum,
666 1307 837 1393 singultus,
850 1329 965 1391 magno
981 1306 1065 1370 malo
1081 1307 1192 1372 luitur.
1223 1308 1278 1373 Sic
1289 1308 1339 1385 fit,
1352 1321 1390 1372 ut
1405 1310 1455 1371 isti

500 1413 541 1477 de
551 1412 680 1475 domino
696 1410 877 1495 loquantur,
889 1409 1009 1494 quibus
1023 1431 1130 1471 coram
1146 1407 1277 1472 domino
1293 1409 1384 1497 loqui
1396 1431 1455 1473 non

499 1515 583 1579 licet.
615 1518 657 1579 At
673 1510 717 1575 illi
734 1511 852 1597 quibus
867 1533 928 1573 non
946 1524 1070 1574 tantum
1084 1511 1299 1596 praesentibus
1310 1511 1455 1591 dominis,

500 1614 554 1680 sed
570 1637 642 1678 cum
654 1614 732 1699 ipsis
747 1626 814 1676 erat
826 1634 937 1687 sermo,
951 1635 1089 1697 quorum
1105 1635 1141 1674 os
1152 1634 1213 1675 uon
1227 1614 1454 1688 consuebatur,

500 1717 601 1802 parati
618 1728 707 1778 erant
732 1735 790 1798 pro
804 1713 933 1776 domino
954 1714 1114 1798 porrigere
1137 1715 1306 1793 cervicem,
1321 1731 1354 1779 et
1375 1717 1454 1803 peri·

498 1818 606 1882 culum
622 1817 789 1879 imminens
804 1818 835 1879 in
851 1828 947 1901 caput
964 1838 1058 1878 suurn
1075 1829 1207 1880 vertere.
1247 1815 1286 1879 In
1302 1818 1452 1881 conviviis

499 1919 723 2004 loquebantur,
740 1917 795 1980 sed
820 1917 851 1979 in
873 1918 1037 1981 tormentis
1063 1920 1220 1983 tacebant.
1258 1923 1342 1983 Haec
1370 1923 1452 1984 Prae·

498 2033 655 2086 textatus:
684 2033 715 2084 et
731 2019 771 2082 de
787 2019 850 2083 lide
865 2042 1025 2083 servorum
1042 2020 1144 2085 multa
1158 2035 1190 2085 et
1212 2023 1367 2105 praeclara
1380 2022 1450 2085 sub·

493 2121 613 2209 jungit,
625 2135 656 2183 et
673 2143 744 2205 quae
761 2135 864 2185 essent
876 2121 906 2183 in
923 2123 1094 2207 quantavis
1109 2122 1278 2188 nobilitate
1290 2122 1451 2210 sanguinis

498 2226 646 2310 gloriosa,
662 2237 694 2286 et
709 2222 811 2287 cuivis
826 2222 989 2287 imitanda.
1023 2223 1109 2288 Nihil
1125 2226 1209 2287 enim
1225 2224 1379 2290 decorum
1394 2240 1448 2298 est,

500 2325 587 2414 quod
601 2348 662 2390 non
674 2348 694 2389 a
704 2326 825 2390 virtute
836 2324 1037 2411 profluxerit,
1050 2338 1125 2390 etse
1137 2325 1271 2391 invicem
1283 2326 1449 2413 turpitudo

497 2443 531 2492 et
542 2426 1214 2493 vitiuminfaustoambitucircumscribunt.
1232 2430 1449 2495 inhocautem

498 2531 565 2594 solo
588 2530 736 2593 vitiorum
759 2526 901 2614 impulsu
923 2528 1059 2613 quisque
1080 2528 1268 2611 prolabitur,
1284 2545 1322 2595 ut
1343 2552 1446 2595 eorum

498 2656 530 2696 se
540 2631 668 2717 dejiciat
679 2643 712 2693 et
723 2628 877 2691 devoveat
889 2626 1045 2702 servituti,
1058 2629 1175 2712 quibus
1187 2640 1283 2694 natus
1294 2644 1342 2694 est
1354 2632 1447 2717 impe·

497 2756 576 2798 rare.
609 2735 673 2806 Qui
690 2734 729 2796 ad
745 2733 929 2816 spectacula
944 2732 1122 2809 confluunt,
1138 2746 1192 2796 ant
1207 2749 1344 2799 avocant
1359 2736 1446 2799 adse

497 2833 1447 2921 spectaculainhonesta,autseipsosaffectatisnugisrolunt

496 2960 565 3001 esse
581 2937 767 3019 spectaculo
783 2934 1014 3016 insipientium,
1030 2936 1180 3018 quoniam
1196 2938 1266 3000 haec
1288 2940 1448 3001 lenocinia

497 3037 643 3100 vanitatis
657 3047 741 3097 recte
754 3034 890 3117 sapienti
906 3035 1032 3115 placere
1044 3057 1108 3097 non
1125 3049 1271 3119 possunt,
1285 3040 1446 3102 oculorum

496 3138 665 3220 capiuntur
679 3135 848 3211 illecebris,
860 3148 892 3197 et
906 3136 983 3198 licet
998 3137 1106 3199 mitius
1117 3138 1287 3217 elidantur,
1298 3156 1447 3203 corruunt

496 3252 602 3302 tamen
622 3259 642 3299 a
665 3237 818 3316 dignitate
835 3237 1032 3301 conditionis
1046 3260 1122 3315 suae,
1137 3252 1170 3302 et
1192 3240 1233 3302 ad
1255 3262 1339 3318 eam,
1354 3264 1446 3325 quam

496 3340 680 3424 diffitentur,
709 3336 854 3397 servilem
883 3340 1078 3402 relabuntur.
1134 3340 1218 3412 Quid
1255 3362 1332 3423 crgo
1361 3341 1446 3405 aliud

495 3440 617 3504 iaciunt
632 3437 730 3512 mimi,
745 3435 926 3512 histriones,
940 3441 1083 3521 parasiti,
1099 3453 1131 3503 et
1149 3441 1336 3525 hujusmodi
1359 3465 1444 3505 mon·

494 3555 558 3605 stra
572 3534 820 3613 hominnm,nisi
837 3535 922 3619 qnod
939 3538 1079 3621 ineptam
1096 3542 1293 3604 convincunt
1308 3544 1446 3607 felicium

494 3638 700 3707 servitutem?
731 3636 795 3702 Sed
818 3648 850 3699 et
872 3638 917 3699 illi
946 3640 1001 3721 qui
1024 3642 1144 3704 voculis
1170 3642 1350 3724 capiuntur,
1373 3646 1447 3708 licet

493 3747 615 3809 aurium
632 3764 744 3806 sensus
764 3739 951 3823 purissimus
974 3752 1005 3803 et
1028 3740 1292 3805 defaecatissimus
1314 3746 1366 3821 sit,
1383 3767 1446 3808 ser-

495 3848 586 3907 viunt
601 3844 740 3925 quidem,
750 3843 832 3925 jugo
848 3855 952 3905 tamen
970 3855 1156 3923 premuntur
1173 3846 1299 3921 mitiori,
1317 3849 1344 3909 si
1366 3849 1445 3910 alias

493 3966 557 4006 non
573 3944 765 4024 praevaleant
781 3944 872 4014 vitia,
911 3946 994 4005 Nam
1011 3953 1042 4004 et
1059 3946 1099 4006 ab
1116 3946 1236 4009 olfactu
1253 3949 1306 4010 vix
1328 3948 1444 4029 aliquis

492 4044 623 4105 omnino
646 4041 779 4121 capitur,
794 4045 854 4104 nisi
880 4045 958 4106 forte
983 4046 1204 4128 lotophagum
1228 4050 1320 4113 vivat.
1365 4050 1441 4113 Non

492 4142 615 4226 aliquid
638 4140 790 4204 adversus
813 4156 971 4218 cantores,
988 4160 1043 4210 aut
1064 4149 1204 4211 musicos
1226 4165 1326 4224 struo,
1344 4173 1444 4234 quum

491 4258 571 4308 teste
594 4243 804 4316 Quintiliane,
831 4241 966 4321 Valerio,
991 4248 1152 4321 Flaviano,
1175 4261 1207 4311 et
1229 4252 1300 4313 aliis
1325 4253 1444 4325 multiS,

491 4349 640 4414 Socrates
650 4346 744 4408 etiarn
755 4345 786 4408 in
797 4358 961 4409 senectute
974 4346 1121 4413 didicerit
1133 4353 1298 4428 musicam,
1309 4354 1448 4418 credens
