3867 5467
587 773 648 835 916
847 793 984 836 roaxxrs
1000 792 1279 839 sarresaaaran'srs
1372 781 1462 856 [ara.
1481 799 1551 843 vin.

582 943 676 1006 cunia
692 955 876 1024 occupatus,
892 942 972 1006 adeo
987 958 1022 1008 ut
1043 942 1157 1008 domus
1179 947 1249 1030 ejus
1272 948 1368 1031 quasi
1392 949 1547 1034 quaedam

582 1044 807 1110 munificentiae
823 1044 947 1109 officina
962 1046 1157 1109 crederetur.
1193 1048 1285 1111 lllinc
1300 1049 1389 1112 enim
1406 1051 1546 1136 publicis

583 1148 692 1212 usibus
722 1160 797 1232 apta
822 1161 1027 1211 monumenta
1056 1148 1299 1229 extruebantur,
1331 1149 1421 1214 illinc
1451 1165 1546 1236 grata

582 1250 719 1336 publicis
739 1248 838 1312 oculis
858 1251 1038 1335 spectacula
1058 1249 1247 1329 edebantur,
1263 1251 1352 1315 illinc
1370 1252 1541 1338 epularum

581 1353 740 1439 magnifici
778 1365 961 1437 apparatus,
999 1353 1182 1437 labentique
1218 1376 1357 1417 annonae
1395 1355 1542 1420 subsidia

582 1454 777 1517 oriebantur.
833 1454 878 1516 Et
899 1475 998 1537 quum
1020 1452 1089 1517 haec
1110 1454 1281 1525 universis3
1313 1455 1472 1539 privatim
1488 1456 1540 1521 ali·

583 1570 689 1620 menta
711 1554 815 1641 inopia
838 1554 1067 1629 laborantibus,
1082 1554 1173 1618 dotes
1193 1555 1386 1640 virginibus,
1404 1580 1540 1644 pauper·

583 1671 648 1722 tate
673 1658 786 1741 pressis
812 1656 965 1736 subsidia,
988 1656 1252 1721 detrimentorum
1282 1657 1417 1723 incursu
1449 1682 1541 1746 quas·

584 1760 660 1823 satis
699 1759 809 1822 solatia
847 1759 1079 1841 erogabantur:
1120 1759 1261 1845 hospites
1296 1782 1433 1847 quoque
1472 1775 1538 1825 tum

582 1861 710 1924 urbanis
741 1862 919 1946 penatibus,
950 1875 1018 1924 tum
1056 1861 1152 1924 etiam
1189 1860 1315 1925 rusticis
1354 1863 1451 1927 tectis
1489 1864 1538 1926 be-

580 1964 765 2048 nignissime
787 1963 924 2048 excepti,
940 1963 1036 2025 variis
1059 1962 1243 2028 muneribus
1264 1965 1370 2029 ornati
1394 1964 1537 2030 dimitte·

579 2068 706 2130 bantur.
753 2064 898 2142 Quodam
931 2087 1007 2127 vero
1035 2077 1187 2150 tempore,
1219 2068 1413 2151 quingentos
1443 2067 1536 2132 simul

582 2167 765 2232 Gelensium
781 2166 914 2251 equites,
926 2166 956 2228 vi
973 2167 1169 2250 tempestatis
1184 2166 1216 2229 in
1231 2169 1449 2252 possessiones
1464 2193 1536 2234 suas

580 2269 769 2355 compulsos,
786 2269 863 2334 aluit
879 2292 915 2331 ac
931 2268 1069 2333 vestivit.
1108 2268 1193 2346 Quid
1211 2266 1332 2333 multa?
1361 2271 1435 2335 Non
1454 2294 1537 2337 mor-

580 2373 672 2439 talem
697 2373 846 2457 aliquem,
863 2372 917 2436 sed
943 2370 1091 2457 propitiae
1111 2371 1249 2435 fortunae
1270 2372 1447 2458 benignum
1470 2396 1535 2437 esse

577 2476 697 2539 diceres
713 2476 824 2538 sinum.
853 2478 942 2557 Ergo
957 2471 1043 2558 quod
1058 2472 1171 2538 Gillias
1182 2473 1379 2558 possidebat,
1389 2476 1531 2539 omnium

579 2581 668 2664 quasi
684 2599 850 2640 comnmne
865 2575 1091 2662 patrimonium
1107 2588 1186 2654 erat,
1200 2598 1260 2661 pro
1274 2578 1372 2661 cujus
1386 2577 1492 2642 salute
1502 2590 1533 2640 et

577 2680 789 2755 incrementis,
800 2691 866 2742 tum
880 2677 1088 2761 Agrigentino
1098 2676 1221 2750 civitas,
1230 2691 1300 2741 tum
1312 2678 1410 2742 etiam
1420 2679 1531 2743 vicinae

579 2785 723 2865 regiones
735 2781 815 2844 votis
826 2780 1037 2844 excubabant.
1070 2778 1199 2842 Colloca
1208 2802 1248 2843 ex
1259 2780 1420 2844 contraria
1431 2796 1532 2867 parte,

578 2905 667 2946 arcas
690 2878 941 2945 inexorabilibus
963 2879 1109 2942 claustris
1130 2881 1303 2956 obseratas,
1324 2902 1430 2944 nonne
1453 2905 1532 2968 prte-

577 2985 759 3049 stamiorem
777 2982 941 3066 aliquanto
956 2980 1117 3043 existimes
1131 2980 1217 3044 illam
1233 2981 1420 3067 impensam,
1435 3006 1531 3070 quarn

577 3080 869 3149 hanccustodiam?
890 3083 1038 3167 Denique
1048 3081 1202 3167 quicquid
1213 3082 1369 3168 sapientia
1378 3083 1530 3171 disponit,

575 3186 790 3272 approbatur;
822 3184 908 3268 quod
932 3187 1094 3247 temeritas
1121 3184 1296 3270 praesumit,
1319 3208 1404 3250 verae
1426 3185 1531 3251 laudis

576 3289 718 3351 fructum
734 3306 936 3370 nequaquam
952 3286 1142 3370 assequitur.

577 3534 655 3619 Cap.
679 3540 707 3597 5.
739 3533 791 3596 De
821 3533 941 3596 duobus
971 3538 1179 3599 mrtarolibuo
1208 3537 1381 3624 qffectibua,
1412 3538 1533 3602 scilicet

619 3659 724 3702 amore
730 3639 827 3717 justi,
836 3644 983 3699 atomore
994 3639 1160 3700 conrmodi:
1183 3645 1213 3701 et
1224 3640 1399 3720 deamata
1410 3660 1531 3718 eorum,

617 3764 723 3805 amore
737 3742 855 3803 seilicet
870 3740 1036 3816 libertatis,
1050 3748 1080 3801 et
1095 3760 1203 3803 amore
1217 3742 1419 3805 dominandi:
1445 3750 1478 3806 et
1493 3744 1531 3807 da

617 3844 854 3922 comparatione
877 3841 1017 3904 Caesarir
1036 3846 1067 3901 et
1089 3840 1243 3903 Catonis:
1273 3842 1312 3903 dc
1331 3840 1530 3921 Alaaondra

618 3943 795 4012 Aristotele,
819 3942 961 4019 Arausa
980 3947 1011 4002 et
1028 3941 1181 4004 Plutone:
1211 3949 1242 4005 et
1263 3943 1302 4003 de
1324 3944 1374 4005 leis
1396 3948 1454 4027 qui
1475 3948 1529 4007 rio

617 4045 710 4104 (levio
725 4042 769 4102 ad
779 4044 916 4120 ylariani
932 4051 1080 4124 percunt.

617 4195 708 4270 Quos
731 4191 858 4277 quidem
876 4194 1008 4257 affectus
1031 4195 1061 4258 in
1078 4195 1205 4259 homine
1220 4197 1261 4261 ab
1276 4197 1368 4263 initio
1382 4200 1527 4265 extitisse

556 4334 561 4346 ·
573 4316 670 4360 sacrae
686 4295 851 4381 scripturae
862 4295 1008 4380 designat
1019 4302 1202 4377 auctoritas,
1214 4302 1394 4385 appetitum
1408 4302 1527 4366 scilicet

557 4397 663 4482 -justi,
679 4412 708 4461 et
726 4397 881 4461 commodi
898 4397 1087 4481 appetitum.
1115 4400 1259 4474 Quorum
1277 4402 1400 4464 alterio
1419 4403 1532 4467 voluu-
