3867 5467
483 755 541 814 118
738 762 1172 811 soannassaaasaunmnsrs
1291 744 1380 825 [nan.
1397 766 1447 811 ru.

482 917 671 983 laudabilior
694 929 725 979 et
750 915 844 1001 plane
868 913 975 981 utilior
997 926 1055 979 est.
1101 917 1176 979 Hoc
1202 915 1292 980 enim
1318 916 1445 980 lectione

483 1043 606 1106 semper
620 1018 830 1105 quarendum
846 1030 906 1090 est,
924 1030 960 1081 nt
976 1018 1071 1080 homo
1094 1017 1205 1103 seipso
1229 1016 1349 1082 melior
1364 1017 1444 1104 jugi·

482 1124 566 1206 giter
581 1122 646 1185 fiat.
685 1124 803 1185 Verum
820 1142 920 1205 quum
939 1119 1032 1183 litera
1047 1119 1247 1204 praeoedens,
1266 1121 1393 1186 utiliter
1406 1122 1441 1184 ad

483 1222 586 1289 multa
601 1221 701 1309 possit
717 1222 839 1294 referri,
856 1219 944 1286 etad
960 1221 1021 1284 hoc
1037 1242 1129 1306 posse
1144 1223 1252 1308 aptari
1269 1222 1439 1295 consentio.

484 1341 521 1391 ut
538 1349 594 1411 per
608 1327 742 1409 gratiam
758 1344 799 1386 ex
820 1321 1038 1386 benedictione
1058 1323 1118 1386 Dei
1141 1322 1311 1400 collatam,
1328 1324 1368 1387 ad
1385 1328 1439 1387 vir·

485 1430 566 1494 tutis
586 1429 815 1493 incrementum
841 1440 873 1490 et
896 1424 1211 1510 multiplicationem,
1228 1426 1371 1490 liberum
1392 1448 1438 1490 ex-

484 1531 601 1595 citetur
616 1528 796 1602 arbitrium,
812 1541 844 1592 et
861 1527 1036 1591 virtutibus
1052 1527 1278 1612 multiplicatis
1296 1551 1355 1614 per
1374 1551 1437 1613 gra-

485 1634 572 1712 tiam,
584 1615 753 1716 adjiciatur
765 1628 921 1716 subjectio
933 1641 1037 1703 terrae,
1050 1651 1147 1713 quarn
1161 1652 1266 1714 quum
1281 1630 1315 1693 in
1329 1653 1363 1693 se
1376 1631 1436 1717 ipso

485 1736 578 1797 homo
605 1733 787 1818 subjecerit,
813 1731 989 1795 dominium
1017 1733 1079 1806 sni,
1102 1732 1310 1818 aliorumque
1336 1755 1435 1797 conse·

484 1833 607 1918 quitur,
625 1849 660 1899 nt
676 1835 800 1897 eunctis
823 1833 1038 1897 animantibus
1063 1831 1228 1918 praelatus,
1245 1834 1393 1899 timorem
1407 1848 1435 1899 et

485 1949 651 1999 tremorem
669 1936 802 2000 incutiat
819 1935 978 2008 omnibus,
994 1957 1069 2020 quae
1092 1946 1266 1999 moventur
1287 1940 1322 2000 in
1349 1952 1435 2001 terra.

485 2039 567 2101 Sunt
592 2060 668 2121 ergo
692 2038 720 2100 ei
746 2050 862 2101 cuncta
877 2038 909 2100 in
925 2036 1044 2112 cibum,
1061 2036 1136 2122 quia
1151 2037 1184 2100 in
1209 2038 1364 2102 omnibus
1378 2062 1436 2101 cre-

484 2139 596 2214 aturis,
612 2138 640 2201 ei
657 2138 754 2202 verba
769 2137 881 2203 salutis
896 2161 962 2202 snae
979 2138 1122 2224 loquitur
1139 2139 1310 2205 Dominus.
1344 2141 1436 2205 Plane

482 2239 610 2304 cibatur
632 2240 664 2303 in
689 2241 824 2315 cunctis,
840 2240 960 2324 quibus
983 2240 1025 2306 ad
1043 2240 1140 2304 vitam
1157 2241 1207 2305 vel
1227 2264 1335 2309 mores
1359 2263 1437 2306 eom·

483 2342 658 2427 ponendos,
675 2344 741 2406 vita
756 2342 891 2406 hominis
912 2343 1047 2428 prolicit.
1093 2346 1227 2408 Constat
1249 2346 1335 2410 enim
1352 2343 1435 2431 quod

483 2442 585 2506 omnis
594 2443 761 2507 aedilicntio
770 2465 895 2507 morum
905 2467 925 2508 a
936 2444 1075 2507 Domino
1086 2458 1145 2524 est,
1156 2456 1188 2508 et
1199 2466 1305 2528 quum
1317 2446 1390 2531 quis
1398 2444 1436 2509 ad

484 2545 649 2623 virtutem,
665 2558 720 2609 aut
736 2545 777 2609 ab
799 2568 905 2629 opere,
922 2559 977 2609 ant
1001 2570 1020 2609 a
1037 2546 1145 2620 verbo,
1160 2560 1217 2610 aut
1243 2569 1436 2632 quocunque

483 2649 578 2712 modo
593 2648 776 2725 instruitur,
787 2647 941 2711 concessis
957 2648 1017 2711 sibi
1030 2672 1048 2712 a
1065 2649 1205 2712 Domino
1217 2648 1344 2714 utiliter
1356 2650 1437 2715 ciba·

485 2764 549 2815 tur.
594 2750 706 2815 Omnis
735 2750 817 2813 enim
849 2748 1016 2814 instructio
1046 2749 1168 2828 salutis,
1200 2751 1439 2835 quodammodo

483 2854 617 2917 verbum
643 2852 703 2916 Dei
728 2865 795 2924 est;
827 2865 858 2915 et
882 2874 902 2914 a
925 2872 1117 2937 quoeunque
1141 2851 1259 2916 veritas
1285 2853 1437 2920 doetrinae

484 2952 675 3036 proferatur,
687 2953 880 3035 acceptanda
896 2966 955 3030 est,
968 2976 1006 3017 eo
1021 2953 1106 3039 qnod
1121 2953 1237 3018 veritas
1252 2953 1439 3042 incorrupta

484 3074 608 3136 semper
622 3065 654 3115 et
671 3052 918 3137 incorruptibilis
933 3073 990 3120 est.
1030 3058 1117 3119 Ante
1132 3056 1294 3121 diluvium
1310 3066 1342 3123 et
1358 3072 1439 3144 post,

483 3153 559 3217 dnm
578 3155 743 3236 sanguine,
758 3155 790 3217 in
814 3181 879 3241 qno
902 3158 991 3221 sedes
1015 3172 1063 3222 est
1083 3158 1208 3231 animae,
1225 3158 1438 3236 abstineatur,

483 3276 648 3318 concessus
668 3270 714 3318 est
737 3261 878 3321 omnium
904 3282 1003 3331 usus;
1034 3276 1066 3324 et
1088 3273 1162 3324 ante
1185 3260 1383 3346 baptismum
1405 3275 1436 3327 et

484 3366 566 3439 post,
591 3354 767 3418 dummodo
793 3372 956 3442 peceatum
987 3361 1076 3438 vitet,
1102 3382 1195 3425 nemo
1223 3361 1438 3449 undecunque

483 3457 598 3520 instrui
621 3457 821 3541 prohibetur.
868 3461 901 3523 Si
916 3463 1079 3547 apostolus
1101 3478 1149 3528 est
1171 3463 1337 3549 aliquibus
1358 3465 1437 3529 odor

484 3558 594 3623 mortis
609 3558 641 3623 in
658 3571 803 3633 mortem,
819 3558 896 3645 qnid
919 3561 1080 3644 prohibet,
1096 3576 1128 3626 ot
1146 3585 1220 3628 vasa
1242 3565 1358 3628 mortis
1381 3564 1438 3630 ali·

485 3662 537 3727 cni
553 3662 702 3750 prodesse
717 3660 758 3727 ad
776 3661 897 3727 vitam?
929 3664 1036 3740 Quum
1053 3686 1130 3748 ergo
1146 3664 1265 3729 dicitur
1279 3666 1435 3752 quicquid

484 3765 542 3840 vis,
572 3778 687 3849 praeter
718 3763 914 3847 sanguinem,
941 3764 1082 3839 comede,
1110 3765 1242 3850 perinde
1272 3781 1323 3832 est
1350 3791 1387 3832 ac
1413 3769 1437 3833 si

483 3863 622 3945 quadam
638 3862 775 3945 imagine
787 3861 924 3937 dicatur,
936 3862 1112 3926 dnmmodo
1123 3864 1201 3928 vitia
1217 3865 1336 3949 fugias,
1348 3864 1437 3953 quod

482 3962 620 4023 volueris
634 3966 712 4041 lege.
755 3961 844 4024 Sient
860 3961 891 4024 in
908 3966 988 4026 escis
1004 3967 1182 4031 carnalibus
1198 3967 1348 4054 quaedam
1361 3979 1438 4034 sunt

482 4084 555 4146 quae
571 4060 761 4144 digeruntur
776 4060 907 4140 utiliter,
921 4066 1066 4149 qttaedam
1084 4082 1255 4133 vertuntur
1271 4070 1302 4134 in
1318 4071 1438 4137 crudus

483 4164 642 4234 humores,
659 4160 720 4223 alia
739 4185 797 4246 per
814 4162 874 4225 vim
893 4167 1090 4250 expulsivam
1107 4171 1281 4255 ejiciuntur
1295 4174 1437 4248 omnino,

481 4264 628 4350 qrraedam
646 4281 729 4339 sunt,
743 4288 817 4350 qum
833 4269 927 4345 sanis,
940 4271 963 4332 si
983 4285 1088 4336 tanum
1102 4272 1243 4337 modeste
1255 4291 1435 4349 sumantur,

481 4370 645 4432 ‹anili-runt
656 4393 663 4442 ;
676 4361 829 4433 etobsnnt
838 4373 1046 4452 aegrotativis:
1067 4375 1213 4460 qtnedam
1226 4378 1438 4444 debilioribus
