3867 5467
505 775 542 836 lt
764 791 901 836 sosasrs
917 791 1188 837 ssnrsnnsraasrs
1308 774 1391 854 [tra.
1407 794 1456 838 vr.

498 941 573 1004 filiis
587 943 662 1005 suis.
707 942 742 1007 Si
757 943 865 1007 hastas
879 944 1010 1026 aliquot,
1022 965 1102 1028 quas
1117 943 1158 1007 ad
1173 943 1304 1008 modum
1320 944 1455 1008 canabis

499 1043 636 1124 fragiles,
657 1043 794 1125 diligens
814 1046 928 1108 inertia
946 1047 1140 1128 procuravit,
1163 1048 1234 1129 quis
1260 1046 1403 1127 fregen't,
1425 1046 1456 1109 si

498 1164 620 1222 aurum,
629 1145 777 1224 minium,
788 1146 915 1209 colorve
931 1147 1024 1223 alius,
1036 1168 1230 1231 quocunque
1244 1148 1323 1224 ictu,
1334 1168 1453 1211 casuve

497 1266 516 1308 a
532 1247 645 1329 clypeo
667 1247 801 1326 excidit,
821 1249 884 1310 hoc
904 1250 1029 1329 garrula
1050 1250 1172 1329 lingua,
1187 1250 1214 1312 si
1232 1250 1370 1324 licuerit,
1385 1270 1453 1311 me·

497 1348 628 1410 moriale
657 1349 776 1412 sacient
811 1350 843 1412 in
875 1351 1030 1413 saeculum
1060 1351 1182 1412 saeculi.
1241 1350 1299 1413 Isti
1329 1350 1451 1433 primos

496 1449 659 1513 recubitus
669 1451 790 1514 habent
800 1450 832 1513 in
849 1452 961 1528 coenis,
973 1462 1005 1514 et
1020 1450 1175 1533 quicquid
1188 1451 1333 1513 Renatus
1343 1461 1453 1514 noster

496 1547 536 1611 de
560 1571 592 1613 re
614 1552 741 1615 militari
772 1551 948 1625 tradiderit,
972 1553 1151 1634 epulantur,
1174 1552 1201 1613 si
1230 1551 1357 1613 fortuna
1379 1572 1451 1633 per·

496 1653 604 1731 mittit,
633 1654 779 1735 quotidie
809 1653 990 1736 splendide,
1019 1675 1212 1737 omnemque
1245 1652 1386 1714 laborem
1417 1662 1451 1713 et

495 1755 767 1834 exercitationem,
783 1778 877 1841 quem
898 1778 963 1819 non
986 1755 1182 1819 invincibilis
1204 1753 1381 1816 necessitas
1399 1753 1449 1815 in·

496 1854 586 1935 gerit,
602 1876 682 1918 cane
697 1868 730 1919 et
744 1878 849 1939 angue
865 1855 1005 1920 deterius
1019 1856 1155 1937 fugiunt,
1172 1868 1204 1918 et
1219 1851 1376 1939 quicquid
1391 1852 1450 1915 im-

495 1955 596 2018 minet
624 1956 829 2036 difficultatis,
851 1957 1001 2041 rejiciunt
1030 1957 1062 2018 iu
1092 1956 1267 2039 subjectos.
1313 1954 1449 2016 interim

495 2055 625 2139 clypeos
639 2057 684 2119 sic
700 2058 858 2133 inaurant,
875 2058 920 2121 sic
944 2066 1102 2120 exornant
1117 2053 1224 2116 omnia
1238 2054 1450 2116 instrumenta

494 2166 679 2233 castrorum,
702 2171 738 2222 ut
766 2161 942 2243 quemlibet
971 2179 1081 2222 eorum
1103 2177 1166 2219 non
1197 2168 1262 2218 tam
1292 2156 1448 2217 cultorem

493 2278 589 2341 quam
612 2260 780 2341 praesidem
803 2262 917 2326 Martis
940 2260 1062 2324 credas.
1108 2259 1209 2340 Cujus
1235 2258 1368 2320 istorum
1393 2268 1451 2319 aut

494 2359 628 2442 clypeus
644 2360 828 2427 detrahatur
843 2374 898 2427 aut
917 2364 1020 2445 galea,
1037 2363 1139 2445 spolia
1154 2361 1222 2446 ejus
1238 2360 1342 2443 ipsum
1359 2360 1448 2422 Mar·

492 2468 555 2523 tem
572 2471 720 2543 poterunt
733 2468 898 2529 honorare.

493 2749 573 2836 Cap.
597 2756 627 2813 4.
667 2751 815 2820 Quarum
845 2774 954 2816 rerum
984 2752 1156 2814 scientiam
1184 2757 1216 2811 et
1246 2750 1443 2811 exercitium

535 2861 679 2929 oporteat
708 2854 827 2916 labere
856 2856 988 2930 milites,
1010 2861 1042 2914 et
1071 2851 1159 2934 quod
1178 2872 1229 2912 cor
1250 2851 1355 2912 ociori
1380 2871 1444 2912 aon

534 2953 620 3012 licet.
664 2954 711 3013 Et
727 2956 767 3014 de
783 2955 936 3033 Augusto,
952 2954 1116 3037 quifilias
1129 2953 1297 3034 auassecit
1312 2952 1445 3012 institui

534 3054 569 3113 in*
584 3053 739 3134 lanificia

533 3191 692 3252 annaru
714 3188 845 3272 quidem
869 3190 978 3273 Scipio
1001 3190 1179 3266 Africanus,
1198 3188 1281 3251 sicut
1301 3186 1336 3250 in
1357 3187 1442 3250 libro

490 3303 749 3372 stratagematum
772 3292 792 3354 J
797 3292 879 3354 ulius
897 3292 1070 3354 Frontinus
1091 3289 1194 3363 refert,
1218 3311 1291 3352 curn
1316 3298 1443 3351 scutum

489 3392 668 3473 elegantius
703 3391 870 3478 cujusdam
901 3392 1034 3455 vidisset
1068 3404 1224 3465 omatum,
1253 3389 1338 3452 dixit
1373 3409 1441 3451 non

489 3490 594 3555 mirari
610 3513 643 3554 se
659 3491 746 3576 quod
762 3503 850 3555 tanta
868 3512 943 3555 cura
958 3503 1113 3568 ornasset,
1127 3491 1161 3551 in
1179 3510 1242 3572 quo
1265 3489 1339 3570 plus
1359 3508 1439 3570 pra·

488 3592 573 3670 sidii,
596 3613 689 3676 quam
719 3593 753 3655 in
776 3589 882 3673 gladio
905 3591 1046 3653 haberet.
1091 3589 1157 3653 Sed
1182 3609 1241 3651 nec
1266 3588 1381 3650 tastum
1404 3588 1442 3652 il·

487 3698 588 3759 lorum
603 3694 740 3779 perlerre
752 3694 882 3779 poteris,
895 3693 957 3756 nisi
974 3693 1069 3755 fueris
1079 3691 1242 3775 patientiae
1255 3688 1441 3771 grandioris.

487 3801 572 3863 Nam
596 3812 631 3863 ut
653 3800 793 3883 ineptias
815 3818 924 3860 eorum
946 3819 1012 3858 non
1035 3795 1149 3871 rideas,
1172 3794 1261 3855 nulla
1283 3791 1440 3854 modestia

485 3901 602 3982 poterit
629 3900 786 3962 cohibere.
832 3899 912 3968 Quis
939 3896 1116 3957 Octaviano
1143 3897 1288 3972 Augusto
1318 3892 1440 3955 felicior

485 4012 541 4063 aut
555 3997 675 4082 majori
701 4000 800 4061 Filios
815 3997 874 4059 etsi
890 4018 953 4058 uon
970 3996 1124 4077 genuerit,
1136 3995 1309 4078 adoptarit,
1321 3993 1439 4077 quibus

485 4101 546 4164 etsi
576 4102 721 4164 sufficere
749 4109 860 4185 posset
889 4100 992 4162 clarus
1014 4099 1144 4180 sanguis
1173 4097 1215 4160 ad
1239 4096 1383 4179 gloriam,
1406 4106 1439 4159 et

483 4205 571 4266 bona
592 4202 784 4265 hereditaria
805 4202 906 4284 magis
928 4201 970 4264 ad
993 4202 1131 4284 copiam,
1153 4221 1248 4283 quam
1269 4199 1311 4261 ad
1331 4219 1437 4273 usum,

483 4328 522 4369 ea
536 4316 642 4368 tamen
664 4304 831 4387 diligentia
853 4304 991 4367 instituti
1014 4314 1100 4380 sunt,
1115 4323 1152 4365 ac
1174 4302 1200 4365 si
1222 4323 1279 4364 sua
1300 4300 1437 4375 retineri,

483 4412 531 4473 rel
555 4410 658 4473 alicua
680 4409 801 4493 acquiri
826 4429 1026 4492 rrcquaquaru
1050 4406 1187 4488 possint,
1210 4406 1272 4468 uisi
1296 4427 1355 4489 per
1378 4404 1436 4466 vir·
