3867 5467
500 793 562 851 322
748 806 884 852 rosanus
900 803 1183 849 snassaaaruasm
1295 786 1386 865 [arn.
1401 803 1468 849 viu.

499 958 534 1024 id
558 972 605 1023 est
629 958 862 1044 insipientibus,
885 956 1005 1042 saepius
1025 956 1238 1020 concedatur.-
1273 956 1368 1032 Quid
1386 955 1462 1018 eninr

498 1062 530 1123 in
548 1061 642 1124 rebus
665 1060 822 1140 humanis,
839 1063 986 1124 Romano
1002 1059 1136 1145 imperio
1157 1059 1344 1144 potentius,
1361 1070 1461 1143 potest

499 1162 564 1225 ulla
579 1163 731 1226 memoria
746 1160 931 1226 recordari?
958 1160 993 1226 Si
1010 1174 1189 1243 temporum
1210 1160 1312 1222 series
1330 1161 1373 1223 ab
1388 1159 1460 1223 urbe

498 1264 627 1328 condita
654 1265 847 1341 revolvatur,
873 1262 955 1327 illud
986 1262 1193 1326 inveniuntur
1221 1262 1301 1325 mali
1331 1263 1457 1347 gessisse

497 1364 707 1451 frequentius.
753 1365 832 1443 Quis
854 1364 935 1428 enim
961 1366 999 1430 C.
1017 1362 1178 1447 Caligula,
1201 1367 1350 1449 Augusti
1372 1367 1456 1429 tertio

500 1489 687 1548 successore,
711 1471 834 1546 tetrior,
859 1481 915 1532 aut
942 1468 1121 1542 immanior,
1145 1479 1266 1550 proeter
1290 1468 1453 1541 Neronem,

499 1573 556 1658 qui
572 1587 782 1635 antecessores
794 1583 824 1634 et
841 1592 1034 1634 successores
1045 1590 1154 1632 omnes
1166 1569 1377 1655 turpitudine
1389 1571 1454 1633 vite

500 1685 531 1737 et
549 1673 701 1738 inauditis
722 1674 852 1758 flagitiis
870 1674 1056 1758 superavit?
1088 1672 1154 1734 Hic
1171 1685 1283 1735 autern
1300 1672 1452 1757 Caligula,

499 1777 640 1839 omnium
653 1775 929 1862 flagitiosissimus,
940 1787 1044 1838 tamen
1061 1773 1156 1850 rexit,
1168 1786 1227 1837 aut
1243 1775 1356 1859 potius
1368 1774 1452 1838 torsit

497 1878 678 1964 imperium,
692 1901 728 1940 ea
744 1876 873 1962 quidem
890 1872 1090 1950 crudelitate,
1102 1887 1139 1937 ut
1155 1876 1297 1960 propriae
1313 1876 1453 1939 invidens

497 1979 652 2056 felicitati,
665 1980 705 2041 dc
720 1979 901 2043 conditione
918 1999 1046 2042 suorum
1064 1989 1247 2061 temporum
1258 1992 1451 2063 quereretur,

495 2102 533 2142 eo
558 2079 645 2164 quod
674 2079 771 2142 nullis
796 2078 1024 2161 insignirentur
1050 2078 1289 2142 calamitatibus
1311 2078 1450 2164 publicis.

496 2180 555 2245 Ille
579 2179 735 2267 siquidem
760 2194 832 2243 ortu
859 2203 917 2243 suo
945 2191 1111 2264 pacaverat
1135 2182 1253 2256 secula,
1270 2184 1329 2265 qui
1351 2181 1450 2244 delere

497 2298 624 2348 venerat
633 2282 891 2347 contradictionis
903 2296 934 2346 et
945 2281 1055 2345 mortis
1065 2280 1248 2366 imperium.
1270 2282 1362 2347 Licet
1373 2282 1448 2345 euim

444 2410 446 2413 ·
497 2386 566 2450 haec
581 2386 775 2449 immensitas
795 2387 881 2470 pacis
896 2383 1123 2448 asscriberetur
1145 2383 1309 2467 Augusto,
1325 2384 1449 2449 Christo

498 2501 602 2552 tamen
625 2490 734 2573 potius
754 2484 952 2549 asscribenda
973 2497 1031 2558 est,
1048 2482 1106 2570 qui
1127 2483 1204 2548 civis
1220 2487 1387 2549 Romanus
1405 2485 1448 2548 in-

496 2590 634 2655 dictione
664 2613 776 2653 census
809 2587 981 2672 asscriptus
1015 2601 1074 2661 est,
1106 2599 1260 2671 regnante
1292 2591 1448 2673 Augusto.

498 2690 662 2777 Siquidem
680 2690 915 2773 evangeliorum
936 2701 969 2751 et
988 2688 1189 2753 historiarum
1211 2689 1356 2753 veridica
1375 2688 1448 2753 rela-

496 2792 581 2855 tione
604 2804 739 2870 constat,
761 2791 838 2877 quia
864 2790 924 2854 sub
951 2813 989 2853 eo
1014 2802 1177 2853 natusest
1200 2803 1316 2854 auctor
1339 2792 1449 2855 unicus

494 2894 590 2979 pacis,
602 2894 690 2956 Deus
699 2894 806 2968 homo,
817 2892 946 2978 virginis
958 2892 1042 2957 filius
1053 2892 1213 2968 Christus,
1224 2894 1321 2979 cujus
1332 2908 1449 2960 aetsrua

494 2997 662 3082 dispositio
682 2997 843 3061 adversm
868 3018 988 3083 pac-em,
1003 3009 1035 3060 et
1055 2995 1223 3060 felicissimi
1246 2996 1337 3079 regni
1354 2998 1450 3062 beati-

495 3099 635 3162 tudinem
667 3100 853 3185 conscripsit
882 3101 1010 3175 electos,
1037 3100 1129 3185 cujus
1158 3097 1317 3162 adrentus
1344 3099 1449 3164 multis

492 3201 728 3287 praenunciatus
758 3215 816 3278 est,
848 3216 879 3267 et
910 3201 1090 3287 patefactus
1114 3198 1249 3263 indiciis.
1296 3204 1383 3266 Nam
1413 3213 1447 3266 ut

492 3298 621 3361 Orosius
633 3299 741 3375 refert,
754 3323 854 3384 quum
870 3303 991 3379 Caesar,
1001 3303 1024 3364 J
1027 3305 1092 3366 ulio
1101 3301 1279 3377 interfecto,
1295 3326 1336 3366 ex
1352 3302 1446 3388 Apol-

490 3398 572 3463 lonis
588 3398 713 3461 rediens
729 3401 840 3462 urbem
862 3402 1096 3486 ingrederetur,
1112 3404 1190 3467 hora
1211 3404 1341 3468 circiter
1356 3404 1447 3470 tertia

487 3517 627 3588 repente,
642 3499 767 3587 liquido
787 3525 823 3566 ac
844 3525 927 3589 puro
947 3528 1067 3581 sereno,
1084 3503 1222 3569 circulus
1246 3506 1290 3569 ad
1310 3506 1444 3592 speciem

489 3605 625 3670 coelestis
642 3627 733 3671 arcus
748 3605 857 3669 orbem
871 3605 945 3670 solis
956 3608 1088 3671 ambiit:
1116 3621 1147 3671 et
1164 3607 1225 3670 hoc
1236 3620 1352 3672 octavo
1367 3607 1445 3672 Idus

489 3711 635 3774 Januarii
670 3709 732 3789 die,
761 3709 817 3796 qui
849 3709 966 3773 dicitur
1001 3710 1272 3795 Epiphaniorum,
1303 3710 1444 3775 creditur

488 3814 647 3888 accidisse,
660 3836 726 3898 quo
742 3816 852 3879 Caesar
868 3812 1004 3899 primum
1021 3815 1095 3877 Jani
1112 3826 1230 3899 portas,
1246 3813 1360 3899 sopitis
1374 3813 1442 3878 liui-

488 3915 592 3996 tisque
608 3913 698 3976 bellis
716 3915 874 3994 civilibuS,
890 3913 1014 3989 clausit,
1031 3928 1062 3978 et
1085 3915 1227 3999 Augusti
1242 3915 1381 4002 adeptus
1395 3928 1441 3979 est

487 4035 610 4091 nomeu,
640 4015 760 4098 apicem
791 4016 954 4081 declarans
985 4017 1121 4103 imperii,
1148 4031 1184 4081 ut
1215 4041 1314 4103 penes
1341 4040 1441 4081 unum

484 4115 654 4180 doceretur
680 4138 801 4179 summa
828 4141 932 4183 rerum
960 4134 991 4184 et
1016 4133 1209 4205 potestatum
1238 4142 1320 4199 esse,
1344 4142 1441 4205 quarn

483 4218 695 4283 monarchiam
713 4218 876 4284 nominant
890 4222 1007 4287 Graeci.
1042 4220 1152 4286 Refert
1165 4222 1249 4287 idem
1260 4222 1443 4301 historicus,

483 4319 581 4403 quod,
605 4345 705 4405 quum
728 4344 747 4384 a
768 4321 880 4386 Sicilia
901 4323 1037 4406 rediens,
1065 4324 1199 4409 receptis
1227 4324 1408 4410 legionibus
1422 4347 1443 4389 a

483 4417 633 4503 Pompeio
649 4431 681 4482 et
696 4418 830 4505 Lepido,
847 4420 982 4506 triginta
996 4421 1098 4487 millia
1119 4444 1282 4487 servorum
1303 4423 1443 4488 dominis
