3867 5467
480 764 540 824 186
740 774 877 817 mrssrs
893 771 1178 816 sanesnrrrrrexsrs
1280 755 1372 835 [arn.
1388 771 1444 817 vrr.

614 974 694 1057 Cap.
710 980 763 1037 24.
788 972 1030 1046 ostentasset
1047 974 1299 1037 detractoribus.

519 1111 612 1174 Ecce
629 1131 725 1194 quarn
742 1108 836 1172 miser
850 1125 897 1173 est
914 1108 985 1172 finis
1001 1108 1255 1193 hypocritarum,
1272 1108 1335 1193 qui
1355 1129 1442 1171 sacro

477 1225 614 1277 testante
643 1209 781 1295 eloquio,
811 1208 987 1295 perdentur
1017 1223 1055 1273 rrt
1090 1208 1348 1289 sterquilinium,
1378 1231 1443 1294 quo

477 1311 555 1376 nilril
587 1309 784 1374 immundius
814 1323 871 1372 est.
928 1310 1063 1373 Frustra
1091 1333 1168 1393 ergo
1204 1309 1440 1372 affectaverunt

480 1415 624 1478 umbram
638 1412 790 1475 bonorum
807 1433 956 1497 operum:
981 1433 1053 1474 nam
1066 1412 1091 1474 si
1104 1411 1320 1488 bonaessent‚
1337 1432 1441 1473 rer-era

479 1536 681 1602 nequaquam
712 1512 929 1599 perderentur.
986 1515 1028 1578 Ut
1058 1511 1217 1575 desideria
1246 1513 1358 1575 carnis
1386 1511 1440 1574 im·

479 1617 613 1704 plerent,
639 1638 712 1701 quae
741 1613 893 1677 adversus
923 1613 1070 1698 spiritum
1097 1613 1311 1700 concupiscit,
1341 1612 1440 1678 multa

404 1763 411 1778 .
479 1718 698 1782 sustinuerunt
718 1716 748 1778 in
771 1716 855 1781 same
877 1729 909 1779 et
930 1715 1000 1788 siti;
1034 1715 1204 1799 infrigere
1226 1734 1259 1780 et
1280 1715 1439 1789 nuditate,

478 1833 510 1883 et
533 1818 699 1891 similibus,
723 1818 841 1903 quibus
865 1817 987 1883 Christi
1016 1818 1192 1902 preciosum
1220 1820 1283 1881 emi
1315 1830 1441 1900 peterat

480 1917 697 2001 margaritum.
746 1923 819 1983 Non
835 1917 918 1981 enim
935 1918 966 1981 in
983 1918 1049 1981 sola
1066 1918 1283 1998 immunditia,
1300 1923 1354 1984 vel
1370 1919 1442 2002 gula

479 2020 653 2084 consistunt
678 2043 774 2105 opera
796 2022 910 2096 carnis,
933 2043 1033 2106 quum
1058 2019 1232 2105 Apostolus
1246 2020 1288 2083 ad
1311 2021 1442 2085 Galatas

480 2122 621 2208 loquens,
633 2144 669 2184 ea
681 2120 711 2183 in
729 2120 838 2186 multis
852 2123 938 2188 vitiis
949 2122 1117 2186 manifesta
1131 2145 1199 2185 esse
1213 2122 1442 2199 convincat,ut

480 2237 555 2288 sunt
590 2223 770 2298 fornicatio,
805 2223 1019 2298 immunditia,
1048 2224 1194 2300 avaritia,
1224 2224 1439 2309 impudicitia,

482 2325 622 2404 luxuria,
637 2324 796 2389 idolorum
818 2325 965 2402 servitus,
990 2325 1149 2405 veneficia,
1164 2325 1354 2397 inimicitiae,
1370 2348 1440 2388 con·

482 2427 649 2504 tentiones,
672 2427 901 2505 aemulationes,
923 2428 991 2507 irae‚
1015 2427 1105 2508 rixae,
1126 2427 1351 2504 dissensiones,
1378 2428 1440 2491 hs-

483 2552 576 2607 reses,
604 2545 711 2606 seetae,
735 2528 877 2605 invidiae,
907 2529 1090 2606 homicidia,
1114 2530 1264 2605 ebrietas,
1290 2553 1441 2594 commes-

485 2632 634 2710 sationes,
656 2647 688 2698 et
715 2631 840 2697 similia.
884 2635 965 2706 Quae
987 2631 1042 2717 qui
1065 2632 1284 2706 committunt,
1308 2653 1440 2717 regnum

484 2735 544 2801 Dei
562 2759 624 2799 uon
637 2734 854 2822 possidebunt.
891 2734 964 2797 Sive
978 2757 1055 2820 ergo
1068 2734 1108 2799 ad
1121 2734 1215 2797 finem
1227 2734 1441 2799 immunditiae

483 2851 515 2901 et
532 2836 681 2912 luxurias,
697 2836 763 2899 sive
784 2835 824 2899 ad
839 2833 941 2899 inanis
955 2834 1066 2920 gloriae
1083 2835 1132 2899 vel
1148 2835 1293 2899 avaritiae
1308 2839 1440 2911 exitum,

483 2962 581 3026 opera
608 2940 797 3014 referantur,
819 2940 897 3025 quia
927 2936 1098 3023 privantur·
1120 2940 1183 3003 line
1214 2961 1285 3014 suo,
1308 2952 1440 3004 mortem

484 3040 664 3105 incurrunt.
711 3040 808 3104 Unde
827 3039 909 3103 idem
933 3042 1126 3125 Apostolus:
1156 3040 1228 3103 Non
1250 3038 1441 3114 efficiamini,

486 3141 599 3228 inquit,
615 3140 717 3206 inanis
737 3142 848 3227 gloriae
867 3141 991 3227 cupidi,
1007 3140 1141 3205 invicem
1161 3154 1383 3228 provocantes,
1397 3140 1444 3206 in·

487 3242 586 3305 vicem
614 3243 801 3307 invidentes.
848 3247 931 3309 Sane
958 3242 1036 3306 vitia
1065 3243 1182 3329 quibus
1211 3242 1293 3307 salsa
1317 3242 1444 3331 justitia

485 3344 664 3419 innotescit,
694 3344 869 3428 prudenter
906 3359 936 3409 et
960 3344 1122 3432 eleganter
1143 3346 1314 3431 expressit,
1344 3368 1442 3433 quum

486 3445 676 3529 arrogantiae
693 3460 799 3510 tumor
814 3445 907 3509 facile
921 3461 1084 3533 provocet,
1102 3446 1186 3512 unde
1201 3447 1262 3511 sibi
1279 3447 1444 3534 provenire

488 3546 649 3612 victoriam
666 3546 828 3634 opinatur,
842 3563 873 3613 et
890 3547 971 3612 livor
986 3548 1047 3612 illis
1061 3548 1214 3626 invideat,
1229 3572 1314 3636 quos
1324 3549 1443 3637 superi·

485 3675 556 3717 ores
566 3666 657 3737 putat
672 3675 748 3727 esse,
759 3652 807 3714 vel
815 3671 914 3735 peres.
938 3652 1011 3729 Quo
1023 3650 1152 3735 quidem
1164 3650 1242 3715 nihil
1254 3651 1441 3717 crediderim

486 3780 552 3820 esse
568 3755 723 3836 miserius,
735 3755 804 3819 licet
822 3753 909 3817 nulle
925 3753 1050 3816 miseria
1066 3754 1170 3819 minus
1185 3768 1312 3820 moreat
1327 3753 1444 3818 miseri·

488 3857 627 3920 cordiam
653 3860 701 3935 (et
724 3857 783 3921 lroc
809 3864 904 3937 recte)
928 3877 1026 3940 quam
1052 3856 1216 3920 calamitas
1242 3879 1364 3932 eorum,
1389 3856 1445 3941 qui

488 3973 601 4041 sponte
620 3958 851 4022 beatitudinem
875 3959 1068 4043 abjecerunt.
1115 3959 1195 4037 Quis
1212 3959 1295 4023 enim
1320 3981 1447 4046 compa·

487 4060 585 4122 tiatur
614 4059 671 4136 eis,
696 4060 751 4143 qui
781 4085 800 4124 a
830 4059 901 4124 felle
928 4062 1058 4125 malitiae
1084 4061 1208 4126 malunt
1234 4085 1302 4127 esse
1329 4064 1445 4137 miseri,

489 4182 585 4246 quam
624 4159 732 4223 beati?
779 4163 931 4225 Patribus
969 4163 1127 4247 siquidem
1165 4162 1287 4248 pridem
1325 4162 1445 4249 placuit

490 4260 719 4326 beatitudiuem
750 4262 923 4329 consistere
954 4265 985 4328 in
1014 4268 1145 4340 virtute,
1173 4280 1204 4329 et
1235 4264 1354 4329 rrulleur
1382 4265 1448 4328 sine

488 4364 619 4428 caritate
642 4389 736 4450 posse
759 4389 825 4430 esse
853 4367 1013 4432 virtutem.
1062 4370 1168 4453 Cujus
1192 4369 1302 4452 utique
1325 4368 1452 4432 fructus
