3867 5467
574 746 635 805 196
838 754 974 799 rosaria
991 752 1270 799 saarsannrnnsrs
1380 739 1470 819 [rra.
1487 759 1544 805 rrr.

572 907 831 973 modestissimam
855 906 953 969 totius
971 903 1163 990 eloquentiae
1180 905 1323 991 regulam
1341 916 1442 973 tenet.
1479 908 1541 973 Illa

574 1034 649 1074 vero
663 1009 754 1095 copia
775 1007 900 1071 laudem
921 1007 1017 1092 parit,
1033 1007 1084 1070 cui
1106 1008 1223 1071 veritas
1242 1009 1370 1089 virtuti,
1385 1022 1418 1073 et
1434 1012 1537 1075 omni·

571 1112 633 1176 bus
646 1109 756 1175 officiis
772 1108 874 1171 amica
890 1108 1058 1171 consentit.
1096 1106 1205 1172 Multa
1219 1107 1381 1193 siquidem
1397 1125 1429 1176 et
1447 1112 1536 1176 lalla-

570 1215 649 1278 citer
674 1213 775 1298 loqui,
796 1209 978 1292 nugigeruli
1001 1222 1061 1287 est,
1081 1221 1113 1272 et
1137 1208 1253 1272 lamam
1276 1211 1409 1275 omnino
1432 1215 1534 1300 negli-

569 1318 685 1400 gentis,
700 1331 732 1378 et
751 1314 784 1376 in
807 1333 839 1373 se
862 1311 1002 1373 virorum
1025 1308 1171 1391 gravium
1195 1312 1400 1395 provocantis
1421 1312 1531 1379 odium

569 1433 601 1482 et
615 1428 845 1501 contemptum.
873 1413 954 1475 Nam
972 1424 1003 1474 et
1020 1410 1151 1495 spiritus
1163 1413 1326 1496 sapientire
1341 1429 1457 1479 auctor
1472 1430 1528 1494 est,

570 1521 646 1604 quia
662 1519 719 1605 qui
735 1514 903 1602 sophistice
918 1512 1064 1598 loquitur
1079 1512 1207 1576 odibilis
1222 1526 1278 1578 est.
1319 1516 1394 1579 Non
1410 1518 1530 1583 medio·

570 1620 631 1684 cris
647 1633 750 1683 tamen
770 1616 893 1681 utilitas
913 1628 972 1687 est,
989 1614 1020 1677 in
1041 1614 1317 1699 deprehendendis
1339 1617 1528 1704 importuni-

569 1722 674 1786 taticis
699 1718 890 1805 sophisticis,
915 1720 980 1780 sine
1006 1738 1142 1801 quarum
1173 1720 1288 1781 notitia
1312 1720 1462 1804 quisquis
1488 1722 1527 1787 ad

568 1823 831 1888 examinationem
859 1820 921 1882 reri
947 1832 979 1883 et
1004 1840 1110 1882 rerum
1135 1820 1370 1886 ventilationem
1398 1845 1528 1910 progre-

569 1926 668 2002 ditur,
683 1925 774 2011 quasi
793 1924 882 1986 miles
904 1920 1029 1985 inutilis
1048 1932 1107 1999 est,
1122 1925 1179 2009 qui
1201 1922 1354 1989 adversus
1376 1928 1528 1992 exercita·

568 2042 648 2102 tum,
659 2041 690 2091 et
706 2027 897 2089 instructum
912 2023 1048 2099 hostem,
1060 2024 1203 2110 procedit
1218 2040 1413 2095 exarmatus.
1437 2029 1526 2095 Licet

567 2153 645 2214 ergo
666 2128 707 2192 ad
730 2126 915 2191 exercitium
938 2125 1171 2211 colloquentem
1194 2124 1331 2191 vicissim
1355 2128 1478 2211 fallere,
1495 2141 1527 2196 et

569 2232 659 2320 quasi
675 2232 708 2295 in
724 2227 993 2313 campidoctorum
1018 2225 1134 2301 schola,
1151 2228 1234 2291 inter
1248 2229 1333 2292 cives
1347 2229 1526 2315 jocularem

570 2332 711 2398 militiam
728 2349 890 2393 exercere:
919 2325 973 2390 aed
992 2326 1046 2390 ubi
1062 2349 1095 2390 se
1112 2328 1364 2414 colloquentium
1381 2331 1528 2414 intentio,

568 2435 609 2499 ad
643 2430 853 2520 philosophiae
883 2427 1088 2493 sobrietatem
1122 2430 1234 2515 exigit,
1265 2434 1527 2518 importunitates

567 2534 747 2623 sophisticae
769 2529 970 2595 delitescunt.
1002 2528 1086 2594 Etsi
1107 2530 1190 2595 forte
1204 2532 1246 2595 ab
1265 2532 1423 2599 alterutra
1438 2553 1527 2624 parte

567 2640 763 2713 emerserint,
787 2634 872 2697 sica
898 2632 1097 2717 sapientibus
1122 2633 1351 2719 corripiuntur,
1378 2636 1464 2703 sicut
1493 2642 1525 2704 in

568 2740 731 2829 republica
765 2738 848 2801 inter
883 2733 1117 2809 contrahentes,
1148 2735 1242 2800 dolus
1277 2737 1525 2824 malignantium

565 2861 736 2908 coercetur.
767 2842 929 2906 Caeterum
947 2836 1043 2899 verba
1058 2837 1164 2918 rebus,
1180 2860 1229 2902 res
1239 2840 1441 2927 temporibus
1453 2866 1527 2907 cou-

567 2961 753 3030 temperare‚
768 2953 799 3003 et
818 2938 1063 3002 intervenientes
1077 2939 1216 3004 fallacias
1237 2942 1414 3028 prudenter
1428 2967 1525 3032 argu·

565 3070 629 3124 cre,
644 3066 705 3108 non
721 3062 895 3128 paucorum
911 3039 1034 3103 dierum
1051 3054 1110 3118 est,
1125 3055 1179 3106 aut
1196 3041 1273 3107 levis
1287 3066 1394 3128 opera.
1427 3046 1525 3111 Unde

564 3146 696 3234 plurimi
712 3140 905 3218 accedentes,
919 3157 1092 3206 retrorsum
1105 3145 1234 3222 abeunt,
1249 3160 1281 3210 et
1296 3145 1439 3233 aliquam
1455 3172 1526 3214 ves·

565 3250 645 3313 tium
668 3243 876 3333 philosophiae
898 3244 1133 3328 portiunculam
1156 3249 1368 3332 praeferentes,
1384 3248 1525 3334 glorian·

564 3366 616 3416 tur
632 3348 718 3434 apud
735 3345 888 3423 indoctos,
903 3369 939 3407 ac
960 3347 985 3408 si
1002 3347 1034 3409 in
1051 3347 1306 3432 jurisdictionem
1322 3373 1434 3414 eorum
1456 3365 1525 3418 tota

563 3450 763 3517 concesserit.
810 3452 856 3514 Ut
883 3448 965 3511 enim
992 3451 1037 3512 ait
1063 3450 1208 3535 quidam,
1238 3453 1359 3533 (verbis
1384 3476 1525 3541 namque

564 3554 765 3620 manentibus
781 3573 892 3614 nomen
909 3549 1039 3631 excidit)

668 3673 759 3727 (lartio
771 3672 879 3742 quisque
892 3670 956 3722 duas
969 3676 1105 3740 postquam
1117 3671 1166 3722 scit
1173 3673 1288 3743 jungere
1299 3678 1397 3743 partes,

667 3762 710 3814 Sic
722 3767 784 3826 stat,
797 3761 834 3812 sic
846 3758 958 3826 loquitur
970 3756 1042 3809 velut
1054 3774 1144 3809 omnes
1156 3760 1257 3811 noverit
1268 3767 1346 3812 artes.

562 3864 613 3926 De
633 3862 801 3946 generibus
823 3873 854 3923 et
878 3858 1042 3942 speciebus
1065 3880 1179 3921 novam
1194 3858 1299 3922 adfert
1320 3865 1522 3943 sententiam,

562 3986 634 4048 quae
659 3962 806 4023 Boetium
829 3961 935 4035 latuit,
957 3980 1052 4041 quarn
1077 3958 1192 4022 doctus
1212 3960 1305 4024 Plato
1328 3963 1474 4045 nescivit,
1488 3977 1522 4029 et

559 4084 655 4149 quam
673 4060 731 4123 iste
748 4058 832 4122 felici
849 4071 933 4122 sorte
949 4060 980 4120 in
1005 4061 1132 4123 secretis
1149 4061 1332 4126 Aristotelis
1352 4086 1459 4149 nuper
1473 4064 1521 4129 in-

562 4164 657 4227 venit.
689 4164 834 4225 Veterem
863 4173 995 4243 paratus
1020 4176 1068 4224 est
1095 4162 1215 4225 solvere
1240 4164 1462 4249 questionem,
1487 4166 1522 4231 in

562 4289 627 4355 qua
639 4265 785 4328 laborans
796 4261 933 4325 mundus
945 4262 1013 4346 jam
1031 4264 1145 4339 senuit,
1158 4266 1189 4328 in
1206 4288 1269 4352 qua
1282 4270 1355 4353 plus
1366 4268 1522 4355 temporis

561 4380 784 4452 consumptum
801 4377 861 4447 est,
872 4387 967 4449 quam
985 4367 1017 4428 in
1030 4367 1224 4451 acquirendo
1235 4383 1266 4434 et
1284 4370 1421 4452 regendo
1430 4370 1521 4437 orbis
