3867 5467
650 779 691 837 76
905 790 1042 835 scaurus
1056 789 1333 837 sasesaaruausrs
1468 774 1608 856 [nram.

648 944 794 1008 Tandem
815 942 989 1026 aliquando
1007 943 1113 1025 ipsum
1127 943 1227 1006 rinrm
1247 943 1367 1008 laudas.
1415 946 1494 1011 Hoc
1518 948 1605 1010 enim

649 1066 710 1108 nec
734 1055 863 1127 epatre
892 1042 1117 1107 hereditarium
1146 1055 1204 1123 est,
1225 1066 1286 1109 nec
1309 1066 1386 1109 casu
1416 1046 1608 1130 pendulum,

650 1165 709 1206 neo
726 1143 908 1223 asuffragio
924 1143 1167 1223 adminiculum,
1177 1165 1237 1208 nee
1253 1165 1273 1207 a
1287 1166 1420 1230 corpore
1435 1146 1609 1225 caducum,

650 1267 711 1310 nec
732 1246 773 1308 ab
792 1254 884 1308 aetate
905 1244 1070 1307 mutabile.
1117 1246 1199 1309 Haee
1222 1246 1331 1310 omnia
1350 1268 1440 1311 meus
1455 1247 1606 1313 Socrates

650 1346 772 1424 habuit,
801 1355 833 1410 et
861 1345 936 1409 ideo
966 1358 1082 1409 caetera
1109 1347 1226 1409 habere
1256 1348 1461 1431 contempsit.
1517 1349 1604 1421 Quin

649 1446 747 1528 igitur
762 1455 795 1509 et
810 1456 841 1509 te
856 1445 898 1508 ad
920 1445 1062 1509 studium
1078 1445 1243 1528 sapientiae
1258 1445 1387 1526 ingeris,
1401 1447 1450 1511 rel
1466 1468 1605 1532 propera

651 1550 773 1624 saltem,
795 1560 831 1610 ut
858 1548 940 1609 nihil
971 1547 1111 1609 alienum
1140 1546 1253 1610 audias
1279 1548 1313 1609 in
1340 1546 1492 1612 laudibus
1519 1550 1604 1625 tuis3

649 1648 706 1712 sed
721 1660 767 1723 ut,
783 1648 838 1730 qni
854 1657 886 1709 te
902 1647 988 1707 volet
1002 1646 1184 1723 nobilitare,
1197 1667 1288 1731 aque
1303 1645 1423 1725 laudet,
1437 1661 1473 1712 nt
1484 1649 1604 1712 Accius

651 1748 781 1812 Ulixem
797 1745 907 1808 laudat
920 1744 954 1807 in
971 1744 1261 1828 Philoteca,primo
1276 1746 1420 1831 ejusdem
1436 1747 1603 1830 tragedia

649 1868 715 1912 suae
730 1846 910 1931 principio:

859 1975 968 2044 Inclyta,
980 1994 1059 2048 parra
1071 1976 1179 2047 praedite
1191 1978 1288 2048 panim

859 2059 974 2113 Nomine
986 2059 1091 2126 celebri,
1103 2060 1222 2130 claroque
1233 2067 1327 2134 potens

859 2145 979 2209 Pectora,
992 2145 1101 2198 Achivis
1111 2144 1237 2199 elassibus
1248 2153 1345 2211 auctor,

859 2232 951 2284 Gravis
964 2231 1104 2284 Dardaniis
1115 2232 1238 2300 gentibus
1249 2232 1326 2298 altor,

859 2316 1009 2369 Laertiade.

648 2439 830 2506 Novissime
845 2446 967 2523 patrem
984 2451 1146 2504 memorat
1186 2440 1345 2505 Caeterum
1360 2463 1473 2507 ornnes
1488 2445 1600 2509 laudes

647 2544 717 2628 ejus
747 2542 804 2605 riri
842 2540 986 2604 audistis.
1043 2541 1134 2603 Nihil
1163 2541 1241 2605 iude
1269 2562 1330 2606 nee
1361 2545 1494 2608 Laertes
1525 2547 1600 2626 sibi,

646 2667 706 2709 neo
731 2643 887 2719 Anticlea,
901 2662 961 2705 nec
984 2641 1129 2704 Acrisius
1150 2643 1306 2706 vendicat.
1351 2644 1433 2708 Haec
1459 2657 1538 2725 tota,
1559 2657 1595 2711 nt

645 2747 746 2825 vides,
760 2745 865 2809 laudis
880 2744 976 2827 hujus
992 2743 1120 2827 propria
1134 2745 1225 2807 Ulixi
1245 2746 1407 2827 possessio
1421 2756 1479 2809 est.
1526 2749 1598 2812 Nec

646 2849 732 2911 eliud
748 2856 778 2909 te
798 2848 831 2907 in
850 2844 962 2909 eodem
980 2846 1079 2907 Ulixe
1095 2846 1257 2909 Homerus
1274 2846 1381 2925 docet,
1395 2848 1451 2932 qui
1472 2871 1600 2934 semper

645 2950 675 3011 ei
704 2946 852 3010 comitem
882 2944 984 3007 voluit
1009 2966 1079 3007 esse
1104 2946 1322 3029 prudentiam,
1347 2969 1442 3031 quam
1466 2950 1597 3034 poetico

644 3050 707 3111 ritu
721 3046 902 3109 Minervam
923 3047 1133 3128 nuncuparit.
1179 3048 1281 3130 Igitur
1294 3048 1356 3113 hac
1371 3050 1482 3114 eadem
1498 3053 1596 3116 eomi-

643 3158 741 3224 tante,
763 3146 873 3208 omnia
896 3146 1053 3210 horrenda
1078 3135 1186 3227 subiit,
1212 3151 1319 3214 omnia
1344 3150 1479 3215 adversa
1499 3174 1598 3236 supe·

642 3250 732 3313 rarit
778 3247 908 3329 Quippe
924 3269 963 3311 ea
979 3247 1135 3332 adjutrice
1151 3250 1306 3335 Cyclopis
1325 3272 1443 3335 specus
1463 3254 1595 3331 introiit,

642 3350 701 3414 sed
725 3368 870 3430 egressus
895 3359 952 3412 est.
999 3351 1082 3414 Solis
1110 3353 1210 3416 bores
1234 3353 1324 3425 vidit,
1350 3352 1407 3417 sed
1431 3355 1596 3420 abstinuit

641 3450 693 3514 Ad
708 3450 826 3512 inferos
841 3448 1010 3529 demeavit,
1025 3452 1082 3516 sed
1097 3453 1252 3517 ascendit.
1296 3453 1420 3518 Eadem
1436 3457 1598 3539 sapientia

640 3551 825 3628 comitante,
847 3551 989 3634 Scyllam
1011 3555 1295 3637 praetornavigavit,
1309 3576 1370 3619 uec
1390 3568 1518 3641 ereptus
1536 3570 1594 3636 est,

641 3653 803 3738 Charybdi
820 3666 994 3738 conseptus
1009 3668 1067 3733 est,
1077 3677 1137 3719 neo
1150 3666 1260 3739 raptus
1275 3670 1332 3720 est
1371 3657 1482 3722 Circes
1492 3680 1592 3743 pocu-

639 3758 704 3819 lum
721 3757 813 3833 bibit,
827 3778 888 3819 nec
904 3767 1044 3820 mutatus
1059 3766 1115 3819 est.
1154 3754 1206 3818 ad
1222 3756 1429 3840 Lotophagos
1443 3760 1594 3840 accessit,

638 3878 698 3919 nee
715 3858 876 3920 remansit.
922 3857 1052 3919 Sirenas
1067 3855 1180 3930 audiit,
1195 3878 1254 3921 neo
1271 3858 1418 3922 accessit,
